%YAML 1.1
%TAG !u! tag:unity3d.com,2011:
--- !u!1 &4268244545659687955
GameObject:
  m_ObjectHideFlags: 0
  m_CorrespondingSourceObject: {fileID: 0}
  m_PrefabInstance: {fileID: 0}
  m_PrefabAsset: {fileID: 0}
  serializedVersion: 6
  m_Component:
  - component: {fileID: 3991847122368852894}
  - component: {fileID: 8171850657179102521}
  m_Layer: 0
  m_Name: D05
  m_TagString: Untagged
  m_Icon: {fileID: 0}
  m_NavMeshLayer: 0
  m_StaticEditorFlags: 0
  m_IsActive: 1
--- !u!4 &3991847122368852894
Transform:
  m_ObjectHideFlags: 0
  m_CorrespondingSourceObject: {fileID: 0}
  m_PrefabInstance: {fileID: 0}
  m_PrefabAsset: {fileID: 0}
  m_GameObject: {fileID: 4268244545659687955}
  m_LocalRotation: {x: 0, y: 0, z: 0, w: 1}
  m_LocalPosition: {x: 0, y: 0, z: 0}
  m_LocalScale: {x: 1, y: 1, z: 1}
  m_Children:
  - {fileID: 5594645903938914932}
  m_Father: {fileID: 0}
  m_RootOrder: 0
  m_LocalEulerAnglesHint: {x: 0, y: 0, z: 0}
--- !u!114 &8171850657179102521
MonoBehaviour:
  m_ObjectHideFlags: 0
  m_CorrespondingSourceObject: {fileID: 0}
  m_PrefabInstance: {fileID: 0}
  m_PrefabAsset: {fileID: 0}
  m_GameObject: {fileID: 4268244545659687955}
  m_Enabled: 1
  m_EditorHideFlags: 0
  m_Script: {fileID: 11500000, guid: 3f83e86cdb370744492e5cfcbec659e8, type: 3}
  m_Name: 
  m_EditorClassIdentifier: 
  variant: a
  baseAnimationFallHeight: 5
  basicAnimatationItems:
  - tr: {fileID: 5594645903938914940}
    delay: 0
    animateTime: 1
  - tr: {fileID: 5594645903938914942}
    delay: 0
    animateTime: 1
  - tr: {fileID: 5594645903938914934}
    delay: 0.25
    animateTime: 1
  - tr: {fileID: 5594645903938914936}
    delay: 0.5
    animateTime: 1
  - tr: {fileID: 5594645903938914938}
    delay: 0.5
    animateTime: 1.25
--- !u!1001 &5594645903938523388
PrefabInstance:
  m_ObjectHideFlags: 0
  serializedVersion: 2
  m_Modification:
    m_TransformParent: {fileID: 3991847122368852894}
    m_Modifications:
    - target: {fileID: 100008, guid: 86aa669dde00e0246a63c9870579abb2, type: 3}
      propertyPath: m_Name
      value: LevelUp(MediumCircle)
      objectReference: {fileID: 0}
    - target: {fileID: 400008, guid: 86aa669dde00e0246a63c9870579abb2, type: 3}
      propertyPath: m_LocalPosition.x
      value: -0
      objectReference: {fileID: 0}
    - target: {fileID: 400008, guid: 86aa669dde00e0246a63c9870579abb2, type: 3}
      propertyPath: m_LocalPosition.y
      value: -0.47
      objectReference: {fileID: 0}
    - target: {fileID: 400008, guid: 86aa669dde00e0246a63c9870579abb2, type: 3}
      propertyPath: m_LocalPosition.z
      value: 0
      objectReference: {fileID: 0}
    - target: {fileID: 400008, guid: 86aa669dde00e0246a63c9870579abb2, type: 3}
      propertyPath: m_LocalRotation.x
      value: 0
      objectReference: {fileID: 0}
    - target: {fileID: 400008, guid: 86aa669dde00e0246a63c9870579abb2, type: 3}
      propertyPath: m_LocalRotation.y
      value: -0
      objectReference: {fileID: 0}
    - target: {fileID: 400008, guid: 86aa669dde00e0246a63c9870579abb2, type: 3}
      propertyPath: m_LocalRotation.z
      value: -0
      objectReference: {fileID: 0}
    - target: {fileID: 400008, guid: 86aa669dde00e0246a63c9870579abb2, type: 3}
      propertyPath: m_LocalRotation.w
      value: 1
      objectReference: {fileID: 0}
    - target: {fileID: 400008, guid: 86aa669dde00e0246a63c9870579abb2, type: 3}
      propertyPath: m_RootOrder
      value: 0
      objectReference: {fileID: 0}
    - target: {fileID: 400008, guid: 86aa669dde00e0246a63c9870579abb2, type: 3}
      propertyPath: m_LocalEulerAnglesHint.x
      value: 0
      objectReference: {fileID: 0}
    - target: {fileID: 400008, guid: 86aa669dde00e0246a63c9870579abb2, type: 3}
      propertyPath: m_LocalEulerAnglesHint.y
      value: 0
      objectReference: {fileID: 0}
    - target: {fileID: 400008, guid: 86aa669dde00e0246a63c9870579abb2, type: 3}
      propertyPath: m_LocalEulerAnglesHint.z
      value: 0
      objectReference: {fileID: 0}
    - target: {fileID: 2300002, guid: 86aa669dde00e0246a63c9870579abb2, type: 3}
      propertyPath: m_Materials.Array.data[0]
      value: 
      objectReference: {fileID: 2100000, guid: 8f272da249b93d848a56bc122792e426, type: 2}
    - target: {fileID: 2300004, guid: 86aa669dde00e0246a63c9870579abb2, type: 3}
      propertyPath: m_Materials.Array.data[2]
      value: 
      objectReference: {fileID: 2100000, guid: 40c746948bff3124194c6926d6b9dd2c, type: 2}
    - target: {fileID: 2300004, guid: 86aa669dde00e0246a63c9870579abb2, type: 3}
      propertyPath: m_Materials.Array.data[0]
      value: 
      objectReference: {fileID: 2100000, guid: c8e5b7c6c8a234a408fd5179f02a06f8, type: 2}
    - target: {fileID: 2300006, guid: 86aa669dde00e0246a63c9870579abb2, type: 3}
      propertyPath: m_Materials.Array.data[0]
      value: 
      objectReference: {fileID: 2100000, guid: e27cfc9280bda83408c7213823a4617e, type: 2}
    - target: {fileID: 2300008, guid: 86aa669dde00e0246a63c9870579abb2, type: 3}
      propertyPath: m_Materials.Array.data[0]
      value: 
      objectReference: {fileID: 2100000, guid: ed84725092fce1f4d91420a0a08d90e8, type: 2}
    m_RemovedComponents: []
  m_SourcePrefab: {fileID: 100100000, guid: 86aa669dde00e0246a63c9870579abb2, type: 3}
--- !u!4 &5594645903938914932 stripped
Transform:
  m_CorrespondingSourceObject: {fileID: 400008, guid: 86aa669dde00e0246a63c9870579abb2,
    type: 3}
  m_PrefabInstance: {fileID: 5594645903938523388}
  m_PrefabAsset: {fileID: 0}
--- !u!4 &5594645903938914940 stripped
Transform:
  m_CorrespondingSourceObject: {fileID: 400000, guid: 86aa669dde00e0246a63c9870579abb2,
    type: 3}
  m_PrefabInstance: {fileID: 5594645903938523388}
  m_PrefabAsset: {fileID: 0}
--- !u!4 &5594645903938914942 stripped
Transform:
  m_CorrespondingSourceObject: {fileID: 400002, guid: 86aa669dde00e0246a63c9870579abb2,
    type: 3}
  m_PrefabInstance: {fileID: 5594645903938523388}
  m_PrefabAsset: {fileID: 0}
--- !u!4 &5594645903938914936 stripped
Transform:
  m_CorrespondingSourceObject: {fileID: 400004, guid: 86aa669dde00e0246a63c9870579abb2,
    type: 3}
  m_PrefabInstance: {fileID: 5594645903938523388}
  m_PrefabAsset: {fileID: 0}
--- !u!4 &5594645903938914938 stripped
Transform:
  m_CorrespondingSourceObject: {fileID: 400006, guid: 86aa669dde00e0246a63c9870579abb2,
    type: 3}
  m_PrefabInstance: {fileID: 5594645903938523388}
  m_PrefabAsset: {fileID: 0}
--- !u!4 &5594645903938914934 stripped
Transform:
  m_CorrespondingSourceObject: {fileID: 400010, guid: 86aa669dde00e0246a63c9870579abb2,
    type: 3}
  m_PrefabInstance: {fileID: 5594645903938523388}
  m_PrefabAsset: {fileID: 0}
