%YAML 1.1
%TAG !u! tag:unity3d.com,2011:
--- !u!1 &4268244545659687955
GameObject:
  m_ObjectHideFlags: 0
  m_CorrespondingSourceObject: {fileID: 0}
  m_PrefabInstance: {fileID: 0}
  m_PrefabAsset: {fileID: 0}
  serializedVersion: 6
  m_Component:
  - component: {fileID: 3991847122368852894}
  - component: {fileID: 8171850657179102521}
  m_Layer: 0
  m_Name: D04
  m_TagString: Untagged
  m_Icon: {fileID: 0}
  m_NavMeshLayer: 0
  m_StaticEditorFlags: 0
  m_IsActive: 1
--- !u!4 &3991847122368852894
Transform:
  m_ObjectHideFlags: 0
  m_CorrespondingSourceObject: {fileID: 0}
  m_PrefabInstance: {fileID: 0}
  m_PrefabAsset: {fileID: 0}
  m_GameObject: {fileID: 4268244545659687955}
  m_LocalRotation: {x: 0, y: 0, z: 0, w: 1}
  m_LocalPosition: {x: 0, y: 0, z: 0}
  m_LocalScale: {x: 1, y: 1, z: 1}
  m_Children:
  - {fileID: 6955072008122526495}
  m_Father: {fileID: 0}
  m_RootOrder: 0
  m_LocalEulerAnglesHint: {x: 0, y: 0, z: 0}
--- !u!114 &8171850657179102521
MonoBehaviour:
  m_ObjectHideFlags: 0
  m_CorrespondingSourceObject: {fileID: 0}
  m_PrefabInstance: {fileID: 0}
  m_PrefabAsset: {fileID: 0}
  m_GameObject: {fileID: 4268244545659687955}
  m_Enabled: 1
  m_EditorHideFlags: 0
  m_Script: {fileID: 11500000, guid: 3f83e86cdb370744492e5cfcbec659e8, type: 3}
  m_Name: 
  m_EditorClassIdentifier: 
  variant: a
  baseAnimationFallHeight: 5
  basicAnimatationItems:
  - tr: {fileID: 6955072008122526487}
    delay: 0
    animateTime: 1
  - tr: {fileID: 6955072008122526489}
    delay: 0.25
    animateTime: 1
  - tr: {fileID: 6955072008122526485}
    delay: 0.5
    animateTime: 1
  - tr: {fileID: 6955072008122526491}
    delay: 0.5
    animateTime: 1.5
  - tr: {fileID: 6955072008122526493}
    delay: 0.5
    animateTime: 1.5
--- !u!1001 &6955072008122134943
PrefabInstance:
  m_ObjectHideFlags: 0
  serializedVersion: 2
  m_Modification:
    m_TransformParent: {fileID: 3991847122368852894}
    m_Modifications:
    - target: {fileID: 100000, guid: aadd99c2eed8cfa4997fa624dcf8dc25, type: 3}
      propertyPath: m_Name
      value: AchivementUnlocked
      objectReference: {fileID: 0}
    - target: {fileID: 400000, guid: aadd99c2eed8cfa4997fa624dcf8dc25, type: 3}
      propertyPath: m_LocalPosition.x
      value: 0
      objectReference: {fileID: 0}
    - target: {fileID: 400000, guid: aadd99c2eed8cfa4997fa624dcf8dc25, type: 3}
      propertyPath: m_LocalPosition.y
      value: -0.3
      objectReference: {fileID: 0}
    - target: {fileID: 400000, guid: aadd99c2eed8cfa4997fa624dcf8dc25, type: 3}
      propertyPath: m_LocalPosition.z
      value: 0
      objectReference: {fileID: 0}
    - target: {fileID: 400000, guid: aadd99c2eed8cfa4997fa624dcf8dc25, type: 3}
      propertyPath: m_LocalRotation.x
      value: 0
      objectReference: {fileID: 0}
    - target: {fileID: 400000, guid: aadd99c2eed8cfa4997fa624dcf8dc25, type: 3}
      propertyPath: m_LocalRotation.y
      value: 0
      objectReference: {fileID: 0}
    - target: {fileID: 400000, guid: aadd99c2eed8cfa4997fa624dcf8dc25, type: 3}
      propertyPath: m_LocalRotation.z
      value: 0
      objectReference: {fileID: 0}
    - target: {fileID: 400000, guid: aadd99c2eed8cfa4997fa624dcf8dc25, type: 3}
      propertyPath: m_LocalRotation.w
      value: 1
      objectReference: {fileID: 0}
    - target: {fileID: 400000, guid: aadd99c2eed8cfa4997fa624dcf8dc25, type: 3}
      propertyPath: m_RootOrder
      value: 0
      objectReference: {fileID: 0}
    - target: {fileID: 400000, guid: aadd99c2eed8cfa4997fa624dcf8dc25, type: 3}
      propertyPath: m_LocalEulerAnglesHint.x
      value: 0
      objectReference: {fileID: 0}
    - target: {fileID: 400000, guid: aadd99c2eed8cfa4997fa624dcf8dc25, type: 3}
      propertyPath: m_LocalEulerAnglesHint.y
      value: 0
      objectReference: {fileID: 0}
    - target: {fileID: 400000, guid: aadd99c2eed8cfa4997fa624dcf8dc25, type: 3}
      propertyPath: m_LocalEulerAnglesHint.z
      value: 0
      objectReference: {fileID: 0}
    - target: {fileID: 2300000, guid: aadd99c2eed8cfa4997fa624dcf8dc25, type: 3}
      propertyPath: m_Materials.Array.data[0]
      value: 
      objectReference: {fileID: 2100000, guid: 16721a65b9e4bce4cb116f171803e4cb, type: 2}
    - target: {fileID: 2300000, guid: aadd99c2eed8cfa4997fa624dcf8dc25, type: 3}
      propertyPath: m_Materials.Array.data[1]
      value: 
      objectReference: {fileID: 2100000, guid: f2427f541afd2464a897fef8feb2e46e, type: 2}
    - target: {fileID: 2300000, guid: aadd99c2eed8cfa4997fa624dcf8dc25, type: 3}
      propertyPath: m_Materials.Array.data[2]
      value: 
      objectReference: {fileID: 2100000, guid: e8b40683277dd1b4bac8c27ff2db1c86, type: 2}
    - target: {fileID: 2300002, guid: aadd99c2eed8cfa4997fa624dcf8dc25, type: 3}
      propertyPath: m_Materials.Array.data[1]
      value: 
      objectReference: {fileID: 2100000, guid: e8b40683277dd1b4bac8c27ff2db1c86, type: 2}
    - target: {fileID: 2300002, guid: aadd99c2eed8cfa4997fa624dcf8dc25, type: 3}
      propertyPath: m_Materials.Array.data[2]
      value: 
      objectReference: {fileID: 2100000, guid: 16721a65b9e4bce4cb116f171803e4cb, type: 2}
    - target: {fileID: 2300008, guid: aadd99c2eed8cfa4997fa624dcf8dc25, type: 3}
      propertyPath: m_Materials.Array.data[2]
      value: 
      objectReference: {fileID: 2100000, guid: 141324991c6ad0942885ac3538e53191, type: 2}
    - target: {fileID: 2300008, guid: aadd99c2eed8cfa4997fa624dcf8dc25, type: 3}
      propertyPath: m_Materials.Array.data[0]
      value: 
      objectReference: {fileID: 2100000, guid: df75a3c1f4b649e4b95942b8416e031f, type: 2}
    - target: {fileID: 2300008, guid: aadd99c2eed8cfa4997fa624dcf8dc25, type: 3}
      propertyPath: m_Materials.Array.data[1]
      value: 
      objectReference: {fileID: 2100000, guid: 4b8c8b46603292343bcf3bd5245146e5, type: 2}
    m_RemovedComponents: []
  m_SourcePrefab: {fileID: 100100000, guid: aadd99c2eed8cfa4997fa624dcf8dc25, type: 3}
--- !u!4 &6955072008122526495 stripped
Transform:
  m_CorrespondingSourceObject: {fileID: 400000, guid: aadd99c2eed8cfa4997fa624dcf8dc25,
    type: 3}
  m_PrefabInstance: {fileID: 6955072008122134943}
  m_PrefabAsset: {fileID: 0}
--- !u!4 &6955072008122526493 stripped
Transform:
  m_CorrespondingSourceObject: {fileID: 400002, guid: aadd99c2eed8cfa4997fa624dcf8dc25,
    type: 3}
  m_PrefabInstance: {fileID: 6955072008122134943}
  m_PrefabAsset: {fileID: 0}
--- !u!4 &6955072008122526491 stripped
Transform:
  m_CorrespondingSourceObject: {fileID: 400004, guid: aadd99c2eed8cfa4997fa624dcf8dc25,
    type: 3}
  m_PrefabInstance: {fileID: 6955072008122134943}
  m_PrefabAsset: {fileID: 0}
--- !u!4 &6955072008122526489 stripped
Transform:
  m_CorrespondingSourceObject: {fileID: 400006, guid: aadd99c2eed8cfa4997fa624dcf8dc25,
    type: 3}
  m_PrefabInstance: {fileID: 6955072008122134943}
  m_PrefabAsset: {fileID: 0}
--- !u!4 &6955072008122526487 stripped
Transform:
  m_CorrespondingSourceObject: {fileID: 400008, guid: aadd99c2eed8cfa4997fa624dcf8dc25,
    type: 3}
  m_PrefabInstance: {fileID: 6955072008122134943}
  m_PrefabAsset: {fileID: 0}
--- !u!4 &6955072008122526485 stripped
Transform:
  m_CorrespondingSourceObject: {fileID: 400010, guid: aadd99c2eed8cfa4997fa624dcf8dc25,
    type: 3}
  m_PrefabInstance: {fileID: 6955072008122134943}
  m_PrefabAsset: {fileID: 0}
