%YAML 1.1
%TAG !u! tag:unity3d.com,2011:
--- !u!1001 &3593098648932589927
PrefabInstance:
  m_ObjectHideFlags: 0
  serializedVersion: 2
  m_Modification:
    m_TransformParent: {fileID: 0}
    m_Modifications:
    - target: {fileID: 5588584909667647374, guid: 726760eab6ae8cc47a8903f1d5fbc3db,
        type: 3}
      propertyPath: m_Name
      value: Level 1
      objectReference: {fileID: 0}
    - target: {fileID: 3949020496661798220, guid: 726760eab6ae8cc47a8903f1d5fbc3db,
        type: 3}
      propertyPath: m_LocalPosition.x
      value: 0
      objectReference: {fileID: 0}
    - target: {fileID: 3949020496661798220, guid: 726760eab6ae8cc47a8903f1d5fbc3db,
        type: 3}
      propertyPath: m_LocalPosition.y
      value: 0
      objectReference: {fileID: 0}
    - target: {fileID: 3949020496661798220, guid: 726760eab6ae8cc47a8903f1d5fbc3db,
        type: 3}
      propertyPath: m_LocalPosition.z
      value: 0
      objectReference: {fileID: 0}
    - target: {fileID: 3949020496661798220, guid: 726760eab6ae8cc47a8903f1d5fbc3db,
        type: 3}
      propertyPath: m_LocalRotation.x
      value: 0
      objectReference: {fileID: 0}
    - target: {fileID: 3949020496661798220, guid: 726760eab6ae8cc47a8903f1d5fbc3db,
        type: 3}
      propertyPath: m_LocalRotation.y
      value: 0
      objectReference: {fileID: 0}
    - target: {fileID: 3949020496661798220, guid: 726760eab6ae8cc47a8903f1d5fbc3db,
        type: 3}
      propertyPath: m_LocalRotation.z
      value: 0
      objectReference: {fileID: 0}
    - target: {fileID: 3949020496661798220, guid: 726760eab6ae8cc47a8903f1d5fbc3db,
        type: 3}
      propertyPath: m_LocalRotation.w
      value: 1
      objectReference: {fileID: 0}
    - target: {fileID: 3949020496661798220, guid: 726760eab6ae8cc47a8903f1d5fbc3db,
        type: 3}
      propertyPath: m_RootOrder
      value: 0
      objectReference: {fileID: 0}
    - target: {fileID: 3949020496661798220, guid: 726760eab6ae8cc47a8903f1d5fbc3db,
        type: 3}
      propertyPath: m_LocalEulerAnglesHint.x
      value: 0
      objectReference: {fileID: 0}
    - target: {fileID: 3949020496661798220, guid: 726760eab6ae8cc47a8903f1d5fbc3db,
        type: 3}
      propertyPath: m_LocalEulerAnglesHint.y
      value: 0
      objectReference: {fileID: 0}
    - target: {fileID: 3949020496661798220, guid: 726760eab6ae8cc47a8903f1d5fbc3db,
        type: 3}
      propertyPath: m_LocalEulerAnglesHint.z
      value: 0
      objectReference: {fileID: 0}
    - target: {fileID: 7501627474471483984, guid: 726760eab6ae8cc47a8903f1d5fbc3db,
        type: 3}
      propertyPath: gamePhaseSequence.Array.data[0]
      value: 
      objectReference: {fileID: 2520822464397372788}
    - target: {fileID: 7501627474471483984, guid: 726760eab6ae8cc47a8903f1d5fbc3db,
        type: 3}
      propertyPath: defaultCamTrans
      value: 
      objectReference: {fileID: 1783896823554921458}
    - target: {fileID: 7501627474471483984, guid: 726760eab6ae8cc47a8903f1d5fbc3db,
        type: 3}
      propertyPath: meshRoots.Array.data[0]
      value: 
      objectReference: {fileID: 4435828859546329099}
    - target: {fileID: 7501627474471483984, guid: 726760eab6ae8cc47a8903f1d5fbc3db,
        type: 3}
      propertyPath: gamePhaseSequence.Array.data[1]
      value: 
      objectReference: {fileID: 5952027624141841482}
    - target: {fileID: 2931084157699922715, guid: 726760eab6ae8cc47a8903f1d5fbc3db,
        type: 3}
      propertyPath: phaseRef
      value: 
      objectReference: {fileID: 2520822464397372788}
    - target: {fileID: 3338464115629568526, guid: 726760eab6ae8cc47a8903f1d5fbc3db,
        type: 3}
      propertyPath: morfSteps.Array.data[0].meshFilter
      value: 
      objectReference: {fileID: 4435828859545002025}
    - target: {fileID: 1379933838354598931, guid: 726760eab6ae8cc47a8903f1d5fbc3db,
        type: 3}
      propertyPath: cols.Array.size
      value: 3
      objectReference: {fileID: 0}
    - target: {fileID: 1379933838354598931, guid: 726760eab6ae8cc47a8903f1d5fbc3db,
        type: 3}
      propertyPath: morfMeshes.Array.data[0]
      value: 
      objectReference: {fileID: 2272588572088144745}
    - target: {fileID: 1379933838354598931, guid: 726760eab6ae8cc47a8903f1d5fbc3db,
        type: 3}
      propertyPath: morfMeshes.Array.data[1]
      value: 
      objectReference: {fileID: 3657563787969989135}
    - target: {fileID: 1379933838354598931, guid: 726760eab6ae8cc47a8903f1d5fbc3db,
        type: 3}
      propertyPath: phaseCollider
      value: 
      objectReference: {fileID: 2625246320495866606}
    - target: {fileID: 1379933838354598931, guid: 726760eab6ae8cc47a8903f1d5fbc3db,
        type: 3}
      propertyPath: targetChoppedMesh
      value: 
      objectReference: {fileID: 2272588572088144745}
    - target: {fileID: 1379933838354598931, guid: 726760eab6ae8cc47a8903f1d5fbc3db,
        type: 3}
      propertyPath: m_Enabled
      value: 0
      objectReference: {fileID: 0}
    - target: {fileID: 1379933838354598931, guid: 726760eab6ae8cc47a8903f1d5fbc3db,
        type: 3}
      propertyPath: cols.Array.data[0].g
      value: 0.49803925
      objectReference: {fileID: 0}
    - target: {fileID: 1379933838354598931, guid: 726760eab6ae8cc47a8903f1d5fbc3db,
        type: 3}
      propertyPath: cols.Array.data[0].b
      value: 0.6483693
      objectReference: {fileID: 0}
    - target: {fileID: 1379933838354598931, guid: 726760eab6ae8cc47a8903f1d5fbc3db,
        type: 3}
      propertyPath: cols.Array.data[1].r
      value: 1
      objectReference: {fileID: 0}
    - target: {fileID: 1379933838354598931, guid: 726760eab6ae8cc47a8903f1d5fbc3db,
        type: 3}
      propertyPath: cols.Array.data[1].g
      value: 1
      objectReference: {fileID: 0}
    - target: {fileID: 1379933838354598931, guid: 726760eab6ae8cc47a8903f1d5fbc3db,
        type: 3}
      propertyPath: cols.Array.data[1].b
      value: 1
      objectReference: {fileID: 0}
    - target: {fileID: 1379933838354598931, guid: 726760eab6ae8cc47a8903f1d5fbc3db,
        type: 3}
      propertyPath: cols.Array.data[2].r
      value: 1
      objectReference: {fileID: 0}
    - target: {fileID: 1379933838354598931, guid: 726760eab6ae8cc47a8903f1d5fbc3db,
        type: 3}
      propertyPath: cols.Array.data[2].g
      value: 0.08235294
      objectReference: {fileID: 0}
    - target: {fileID: 1379933838354598931, guid: 726760eab6ae8cc47a8903f1d5fbc3db,
        type: 3}
      propertyPath: cols.Array.data[2].b
      value: 0.35686275
      objectReference: {fileID: 0}
    - target: {fileID: 224905987450514280, guid: 726760eab6ae8cc47a8903f1d5fbc3db,
        type: 3}
      propertyPath: morfSteps.Array.data[0].meshFilter
      value: 
      objectReference: {fileID: 4435828859545002017}
    - target: {fileID: 224905987450514280, guid: 726760eab6ae8cc47a8903f1d5fbc3db,
        type: 3}
      propertyPath: morfSteps.Array.data[1].meshFilter
      value: 
      objectReference: {fileID: 4435828859545002023}
    - target: {fileID: 8601613933772809586, guid: 726760eab6ae8cc47a8903f1d5fbc3db,
        type: 3}
      propertyPath: phaseRef
      value: 
      objectReference: {fileID: 5952027624141841482}
    - target: {fileID: 7153011131825079597, guid: 726760eab6ae8cc47a8903f1d5fbc3db,
        type: 3}
      propertyPath: morfMeshes.Array.data[0]
      value: 
      objectReference: {fileID: 2272588572088144745}
    - target: {fileID: 7153011131825079597, guid: 726760eab6ae8cc47a8903f1d5fbc3db,
        type: 3}
      propertyPath: morfMeshes.Array.data[1]
      value: 
      objectReference: {fileID: 3657563787969989135}
    - target: {fileID: 7153011131825079597, guid: 726760eab6ae8cc47a8903f1d5fbc3db,
        type: 3}
      propertyPath: phaseCollider
      value: 
      objectReference: {fileID: 2726288592683596433}
    - target: {fileID: 7153011131825079597, guid: 726760eab6ae8cc47a8903f1d5fbc3db,
        type: 3}
      propertyPath: icingPhaseRef
      value: 
      objectReference: {fileID: 2520822464397372788}
    m_RemovedComponents: []
  m_SourcePrefab: {fileID: 100100000, guid: 726760eab6ae8cc47a8903f1d5fbc3db, type: 3}
--- !u!114 &2520822464397372788 stripped
MonoBehaviour:
  m_CorrespondingSourceObject: {fileID: 1379933838354598931, guid: 726760eab6ae8cc47a8903f1d5fbc3db,
    type: 3}
  m_PrefabInstance: {fileID: 3593098648932589927}
  m_PrefabAsset: {fileID: 0}
  m_GameObject: {fileID: 0}
  m_Enabled: 0
  m_EditorHideFlags: 0
  m_Script: {fileID: 11500000, guid: f11eaef46b5a67f47bbeeb7a4a279418, type: 3}
  m_Name: 
  m_EditorClassIdentifier: 
--- !u!114 &5952027624141841482 stripped
MonoBehaviour:
  m_CorrespondingSourceObject: {fileID: 7153011131825079597, guid: 726760eab6ae8cc47a8903f1d5fbc3db,
    type: 3}
  m_PrefabInstance: {fileID: 3593098648932589927}
  m_PrefabAsset: {fileID: 0}
  m_GameObject: {fileID: 0}
  m_Enabled: 1
  m_EditorHideFlags: 0
  m_Script: {fileID: 11500000, guid: eb91f602a03574847be10fac2aa8f821, type: 3}
  m_Name: 
  m_EditorClassIdentifier: 
--- !u!4 &1783896823554921458 stripped
Transform:
  m_CorrespondingSourceObject: {fileID: 2962502803343307413, guid: 726760eab6ae8cc47a8903f1d5fbc3db,
    type: 3}
  m_PrefabInstance: {fileID: 3593098648932589927}
  m_PrefabAsset: {fileID: 0}
--- !u!4 &4435828859546329099 stripped
Transform:
  m_CorrespondingSourceObject: {fileID: 887907280593305964, guid: 726760eab6ae8cc47a8903f1d5fbc3db,
    type: 3}
  m_PrefabInstance: {fileID: 3593098648932589927}
  m_PrefabAsset: {fileID: 0}
--- !u!114 &2272588572088144745 stripped
MonoBehaviour:
  m_CorrespondingSourceObject: {fileID: 3338464115629568526, guid: 726760eab6ae8cc47a8903f1d5fbc3db,
    type: 3}
  m_PrefabInstance: {fileID: 3593098648932589927}
  m_PrefabAsset: {fileID: 0}
  m_GameObject: {fileID: 0}
  m_Enabled: 1
  m_EditorHideFlags: 0
  m_Script: {fileID: 11500000, guid: 8ceecf80742826843afc24ce61e7680c, type: 3}
  m_Name: 
  m_EditorClassIdentifier: 
--- !u!33 &4435828859545002025 stripped
MeshFilter:
  m_CorrespondingSourceObject: {fileID: 887907280589881678, guid: 726760eab6ae8cc47a8903f1d5fbc3db,
    type: 3}
  m_PrefabInstance: {fileID: 3593098648932589927}
  m_PrefabAsset: {fileID: 0}
--- !u!64 &2625246320495866606 stripped
MeshCollider:
  m_CorrespondingSourceObject: {fileID: 1563874634147730313, guid: 726760eab6ae8cc47a8903f1d5fbc3db,
    type: 3}
  m_PrefabInstance: {fileID: 3593098648932589927}
  m_PrefabAsset: {fileID: 0}
--- !u!64 &2726288592683596433 stripped
MeshCollider:
  m_CorrespondingSourceObject: {fileID: 1443677634902547446, guid: 726760eab6ae8cc47a8903f1d5fbc3db,
    type: 3}
  m_PrefabInstance: {fileID: 3593098648932589927}
  m_PrefabAsset: {fileID: 0}
--- !u!114 &3657563787969989135 stripped
MonoBehaviour:
  m_CorrespondingSourceObject: {fileID: 224905987450514280, guid: 726760eab6ae8cc47a8903f1d5fbc3db,
    type: 3}
  m_PrefabInstance: {fileID: 3593098648932589927}
  m_PrefabAsset: {fileID: 0}
  m_GameObject: {fileID: 0}
  m_Enabled: 1
  m_EditorHideFlags: 0
  m_Script: {fileID: 11500000, guid: 8ceecf80742826843afc24ce61e7680c, type: 3}
  m_Name: 
  m_EditorClassIdentifier: 
--- !u!33 &4435828859545002017 stripped
MeshFilter:
  m_CorrespondingSourceObject: {fileID: 887907280589881670, guid: 726760eab6ae8cc47a8903f1d5fbc3db,
    type: 3}
  m_PrefabInstance: {fileID: 3593098648932589927}
  m_PrefabAsset: {fileID: 0}
--- !u!33 &4435828859545002023 stripped
MeshFilter:
  m_CorrespondingSourceObject: {fileID: 887907280589881664, guid: 726760eab6ae8cc47a8903f1d5fbc3db,
    type: 3}
  m_PrefabInstance: {fileID: 3593098648932589927}
  m_PrefabAsset: {fileID: 0}
