%YAML 1.1
%TAG !u! tag:unity3d.com,2011:
--- !u!1001 &6057989804927612144
PrefabInstance:
  m_ObjectHideFlags: 0
  serializedVersion: 2
  m_Modification:
    m_TransformParent: {fileID: 0}
    m_Modifications:
    - target: {fileID: 5588584909667647374, guid: 6e233ca74f8158e4eaffc93c835b8b11,
        type: 3}
      propertyPath: m_Name
      value: Level 6
      objectReference: {fileID: 0}
    - target: {fileID: 3949020496661798220, guid: 6e233ca74f8158e4eaffc93c835b8b11,
        type: 3}
      propertyPath: m_LocalPosition.x
      value: 0
      objectReference: {fileID: 0}
    - target: {fileID: 3949020496661798220, guid: 6e233ca74f8158e4eaffc93c835b8b11,
        type: 3}
      propertyPath: m_LocalPosition.y
      value: 0
      objectReference: {fileID: 0}
    - target: {fileID: 3949020496661798220, guid: 6e233ca74f8158e4eaffc93c835b8b11,
        type: 3}
      propertyPath: m_LocalPosition.z
      value: 0
      objectReference: {fileID: 0}
    - target: {fileID: 3949020496661798220, guid: 6e233ca74f8158e4eaffc93c835b8b11,
        type: 3}
      propertyPath: m_LocalRotation.x
      value: 0
      objectReference: {fileID: 0}
    - target: {fileID: 3949020496661798220, guid: 6e233ca74f8158e4eaffc93c835b8b11,
        type: 3}
      propertyPath: m_LocalRotation.y
      value: 0
      objectReference: {fileID: 0}
    - target: {fileID: 3949020496661798220, guid: 6e233ca74f8158e4eaffc93c835b8b11,
        type: 3}
      propertyPath: m_LocalRotation.z
      value: 0
      objectReference: {fileID: 0}
    - target: {fileID: 3949020496661798220, guid: 6e233ca74f8158e4eaffc93c835b8b11,
        type: 3}
      propertyPath: m_LocalRotation.w
      value: 1
      objectReference: {fileID: 0}
    - target: {fileID: 3949020496661798220, guid: 6e233ca74f8158e4eaffc93c835b8b11,
        type: 3}
      propertyPath: m_RootOrder
      value: 0
      objectReference: {fileID: 0}
    - target: {fileID: 3949020496661798220, guid: 6e233ca74f8158e4eaffc93c835b8b11,
        type: 3}
      propertyPath: m_LocalEulerAnglesHint.x
      value: 0
      objectReference: {fileID: 0}
    - target: {fileID: 3949020496661798220, guid: 6e233ca74f8158e4eaffc93c835b8b11,
        type: 3}
      propertyPath: m_LocalEulerAnglesHint.y
      value: 0
      objectReference: {fileID: 0}
    - target: {fileID: 3949020496661798220, guid: 6e233ca74f8158e4eaffc93c835b8b11,
        type: 3}
      propertyPath: m_LocalEulerAnglesHint.z
      value: 0
      objectReference: {fileID: 0}
    - target: {fileID: 7501627474471483984, guid: 6e233ca74f8158e4eaffc93c835b8b11,
        type: 3}
      propertyPath: gamePhaseSequence.Array.data[0]
      value: 
      objectReference: {fileID: 5130953621744072931}
    - target: {fileID: 7501627474471483984, guid: 6e233ca74f8158e4eaffc93c835b8b11,
        type: 3}
      propertyPath: gamePhaseSequence.Array.data[1]
      value: 
      objectReference: {fileID: 3987607721330127325}
    - target: {fileID: 7501627474471483984, guid: 6e233ca74f8158e4eaffc93c835b8b11,
        type: 3}
      propertyPath: defaultCamTrans
      value: 
      objectReference: {fileID: 9011317179203028581}
    - target: {fileID: 7501627474471483984, guid: 6e233ca74f8158e4eaffc93c835b8b11,
        type: 3}
      propertyPath: meshRoot
      value: 
      objectReference: {fileID: 894159392378793140}
    - target: {fileID: 7153011131825079597, guid: 6e233ca74f8158e4eaffc93c835b8b11,
        type: 3}
      propertyPath: choppedMeshList.Array.data[0]
      value: 
      objectReference: {fileID: 8803608060542928732}
    - target: {fileID: 7153011131825079597, guid: 6e233ca74f8158e4eaffc93c835b8b11,
        type: 3}
      propertyPath: phaseCollider
      value: 
      objectReference: {fileID: 7700669653696575157}
    - target: {fileID: 7153011131825079597, guid: 6e233ca74f8158e4eaffc93c835b8b11,
        type: 3}
      propertyPath: phaseCamTransPos
      value: 
      objectReference: {fileID: 9011317179203028581}
    - target: {fileID: 7153011131825079597, guid: 6e233ca74f8158e4eaffc93c835b8b11,
        type: 3}
      propertyPath: icingPhaseRef
      value: 
      objectReference: {fileID: 5130953621744072931}
    - target: {fileID: 7153011131825079597, guid: 6e233ca74f8158e4eaffc93c835b8b11,
        type: 3}
      propertyPath: choppedMeshList.Array.data[1]
      value: 
      objectReference: {fileID: 4732516565454287800}
    - target: {fileID: 5117277105741448060, guid: 6e233ca74f8158e4eaffc93c835b8b11,
        type: 3}
      propertyPath: meshFilter
      value: 
      objectReference: {fileID: 894159392380120212}
    - target: {fileID: 5604536929086819074, guid: 6e233ca74f8158e4eaffc93c835b8b11,
        type: 3}
      propertyPath: meshFilter
      value: 
      objectReference: {fileID: 0}
    - target: {fileID: 3332381436216390572, guid: 6e233ca74f8158e4eaffc93c835b8b11,
        type: 3}
      propertyPath: meshFilter
      value: 
      objectReference: {fileID: 894159392380120214}
    - target: {fileID: 1379933838354598931, guid: 6e233ca74f8158e4eaffc93c835b8b11,
        type: 3}
      propertyPath: cols.Array.size
      value: 2
      objectReference: {fileID: 0}
    - target: {fileID: 1379933838354598931, guid: 6e233ca74f8158e4eaffc93c835b8b11,
        type: 3}
      propertyPath: phaseCollider
      value: 
      objectReference: {fileID: 1276830763574743008}
    - target: {fileID: 1379933838354598931, guid: 6e233ca74f8158e4eaffc93c835b8b11,
        type: 3}
      propertyPath: phaseCamTransPos
      value: 
      objectReference: {fileID: 9011317179203028581}
    - target: {fileID: 1379933838354598931, guid: 6e233ca74f8158e4eaffc93c835b8b11,
        type: 3}
      propertyPath: targetChoppedMesh
      value: 
      objectReference: {fileID: 8803608060542928732}
    - target: {fileID: 1379933838354598931, guid: 6e233ca74f8158e4eaffc93c835b8b11,
        type: 3}
      propertyPath: texRef
      value: 
      objectReference: {fileID: 2800000, guid: ef99871cde36abb49a1f282c5d7b3264, type: 3}
    - target: {fileID: 1379933838354598931, guid: 6e233ca74f8158e4eaffc93c835b8b11,
        type: 3}
      propertyPath: choppedMeshList.Array.data[0]
      value: 
      objectReference: {fileID: 8803608060542928732}
    - target: {fileID: 1379933838354598931, guid: 6e233ca74f8158e4eaffc93c835b8b11,
        type: 3}
      propertyPath: choppedMeshList.Array.data[1]
      value: 
      objectReference: {fileID: 4732516565454287800}
    - target: {fileID: 1313159226101681735, guid: 6e233ca74f8158e4eaffc93c835b8b11,
        type: 3}
      propertyPath: m_Materials.Array.data[0]
      value: 
      objectReference: {fileID: 2100000, guid: fad5189c6cb974f47adf8665906ef0a6, type: 2}
    - target: {fileID: 8594926605970263967, guid: 6e233ca74f8158e4eaffc93c835b8b11,
        type: 3}
      propertyPath: visualMesh
      value: 
      objectReference: {fileID: 2292547724176856519}
    - target: {fileID: 8583145685321031855, guid: 6e233ca74f8158e4eaffc93c835b8b11,
        type: 3}
      propertyPath: visualMesh
      value: 
      objectReference: {fileID: 2272877114797914871}
    - target: {fileID: 8950107299733642552, guid: 6e233ca74f8158e4eaffc93c835b8b11,
        type: 3}
      propertyPath: visualMesh
      value: 
      objectReference: {fileID: 1486960957037561696}
    - target: {fileID: 9122408976398652370, guid: 6e233ca74f8158e4eaffc93c835b8b11,
        type: 3}
      propertyPath: visualMesh
      value: 
      objectReference: {fileID: 1589448057618680202}
    - target: {fileID: 8011871889716494923, guid: 6e233ca74f8158e4eaffc93c835b8b11,
        type: 3}
      propertyPath: visualMesh
      value: 
      objectReference: {fileID: 556325666935871507}
    - target: {fileID: 3730775007592588210, guid: 6e233ca74f8158e4eaffc93c835b8b11,
        type: 3}
      propertyPath: visualMesh
      value: 
      objectReference: {fileID: 6580309007648324074}
    - target: {fileID: 4170901597632127371, guid: 6e233ca74f8158e4eaffc93c835b8b11,
        type: 3}
      propertyPath: visualMesh
      value: 
      objectReference: {fileID: 5869756914499369939}
    - target: {fileID: 4383522463336879046, guid: 6e233ca74f8158e4eaffc93c835b8b11,
        type: 3}
      propertyPath: visualMesh
      value: 
      objectReference: {fileID: 6071681619196610974}
    - target: {fileID: 4527329084051697096, guid: 6e233ca74f8158e4eaffc93c835b8b11,
        type: 3}
      propertyPath: visualMesh
      value: 
      objectReference: {fileID: 6216051498026694544}
    - target: {fileID: 1409782598667983549, guid: 6e233ca74f8158e4eaffc93c835b8b11,
        type: 3}
      propertyPath: visualMesh
      value: 
      objectReference: {fileID: 8865082953931784421}
    - target: {fileID: 1861088319471095995, guid: 6e233ca74f8158e4eaffc93c835b8b11,
        type: 3}
      propertyPath: visualMesh
      value: 
      objectReference: {fileID: 8161786691391867619}
    - target: {fileID: 164918148715422444, guid: 6e233ca74f8158e4eaffc93c835b8b11,
        type: 3}
      propertyPath: visualMesh
      value: 
      objectReference: {fileID: 7700728861250222260}
    - target: {fileID: 1566983425505101640, guid: 6e233ca74f8158e4eaffc93c835b8b11,
        type: 3}
      propertyPath: meshFilter
      value: 
      objectReference: {fileID: 894159392380120212}
    - target: {fileID: 799699390017130362, guid: 6e233ca74f8158e4eaffc93c835b8b11,
        type: 3}
      propertyPath: dropFromPosTR
      value: 
      objectReference: {fileID: 3864244341766178550}
    m_RemovedComponents: []
  m_SourcePrefab: {fileID: 100100000, guid: 6e233ca74f8158e4eaffc93c835b8b11, type: 3}
--- !u!4 &894159392378793140 stripped
Transform:
  m_CorrespondingSourceObject: {fileID: 6375685966706038852, guid: 6e233ca74f8158e4eaffc93c835b8b11,
    type: 3}
  m_PrefabInstance: {fileID: 6057989804927612144}
  m_PrefabAsset: {fileID: 0}
--- !u!33 &894159392380120212 stripped
MeshFilter:
  m_CorrespondingSourceObject: {fileID: 6375685966702614628, guid: 6e233ca74f8158e4eaffc93c835b8b11,
    type: 3}
  m_PrefabInstance: {fileID: 6057989804927612144}
  m_PrefabAsset: {fileID: 0}
--- !u!114 &4732516565454287800 stripped
MonoBehaviour:
  m_CorrespondingSourceObject: {fileID: 1566983425505101640, guid: 6e233ca74f8158e4eaffc93c835b8b11,
    type: 3}
  m_PrefabInstance: {fileID: 6057989804927612144}
  m_PrefabAsset: {fileID: 0}
  m_GameObject: {fileID: 0}
  m_Enabled: 1
  m_EditorHideFlags: 0
  m_Script: {fileID: 11500000, guid: 18f103585ea4f2f489da347342d2070c, type: 3}
  m_Name: 
  m_EditorClassIdentifier: 
--- !u!4 &3864244341766178550 stripped
Transform:
  m_CorrespondingSourceObject: {fileID: 7039900689638404614, guid: 6e233ca74f8158e4eaffc93c835b8b11,
    type: 3}
  m_PrefabInstance: {fileID: 6057989804927612144}
  m_PrefabAsset: {fileID: 0}
--- !u!23 &7700728861250222260 stripped
MeshRenderer:
  m_CorrespondingSourceObject: {fileID: 4525046395598474308, guid: 6e233ca74f8158e4eaffc93c835b8b11,
    type: 3}
  m_PrefabInstance: {fileID: 6057989804927612144}
  m_PrefabAsset: {fileID: 0}
--- !u!23 &5869756914499369939 stripped
MeshRenderer:
  m_CorrespondingSourceObject: {fileID: 389523374369754915, guid: 6e233ca74f8158e4eaffc93c835b8b11,
    type: 3}
  m_PrefabInstance: {fileID: 6057989804927612144}
  m_PrefabAsset: {fileID: 0}
--- !u!23 &1589448057618680202 stripped
MeshRenderer:
  m_CorrespondingSourceObject: {fileID: 4763848771701194106, guid: 6e233ca74f8158e4eaffc93c835b8b11,
    type: 3}
  m_PrefabInstance: {fileID: 6057989804927612144}
  m_PrefabAsset: {fileID: 0}
--- !u!23 &1486960957037561696 stripped
MeshRenderer:
  m_CorrespondingSourceObject: {fileID: 4661492508708877200, guid: 6e233ca74f8158e4eaffc93c835b8b11,
    type: 3}
  m_PrefabInstance: {fileID: 6057989804927612144}
  m_PrefabAsset: {fileID: 0}
--- !u!23 &8161786691391867619 stripped
MeshRenderer:
  m_CorrespondingSourceObject: {fileID: 2690391021632208403, guid: 6e233ca74f8158e4eaffc93c835b8b11,
    type: 3}
  m_PrefabInstance: {fileID: 6057989804927612144}
  m_PrefabAsset: {fileID: 0}
--- !u!23 &2292547724176856519 stripped
MeshRenderer:
  m_CorrespondingSourceObject: {fileID: 5459077034679787831, guid: 6e233ca74f8158e4eaffc93c835b8b11,
    type: 3}
  m_PrefabInstance: {fileID: 6057989804927612144}
  m_PrefabAsset: {fileID: 0}
--- !u!23 &6216051498026694544 stripped
MeshRenderer:
  m_CorrespondingSourceObject: {fileID: 167077692826420064, guid: 6e233ca74f8158e4eaffc93c835b8b11,
    type: 3}
  m_PrefabInstance: {fileID: 6057989804927612144}
  m_PrefabAsset: {fileID: 0}
--- !u!23 &2272877114797914871 stripped
MeshRenderer:
  m_CorrespondingSourceObject: {fileID: 5447292934326128135, guid: 6e233ca74f8158e4eaffc93c835b8b11,
    type: 3}
  m_PrefabInstance: {fileID: 6057989804927612144}
  m_PrefabAsset: {fileID: 0}
--- !u!23 &8865082953931784421 stripped
MeshRenderer:
  m_CorrespondingSourceObject: {fileID: 3392710647113085973, guid: 6e233ca74f8158e4eaffc93c835b8b11,
    type: 3}
  m_PrefabInstance: {fileID: 6057989804927612144}
  m_PrefabAsset: {fileID: 0}
--- !u!23 &6580309007648324074 stripped
MeshRenderer:
  m_CorrespondingSourceObject: {fileID: 1099926745870208282, guid: 6e233ca74f8158e4eaffc93c835b8b11,
    type: 3}
  m_PrefabInstance: {fileID: 6057989804927612144}
  m_PrefabAsset: {fileID: 0}
--- !u!23 &6071681619196610974 stripped
MeshRenderer:
  m_CorrespondingSourceObject: {fileID: 22728979595033966, guid: 6e233ca74f8158e4eaffc93c835b8b11,
    type: 3}
  m_PrefabInstance: {fileID: 6057989804927612144}
  m_PrefabAsset: {fileID: 0}
--- !u!23 &556325666935871507 stripped
MeshRenderer:
  m_CorrespondingSourceObject: {fileID: 6028695504060214499, guid: 6e233ca74f8158e4eaffc93c835b8b11,
    type: 3}
  m_PrefabInstance: {fileID: 6057989804927612144}
  m_PrefabAsset: {fileID: 0}
--- !u!33 &894159392380120214 stripped
MeshFilter:
  m_CorrespondingSourceObject: {fileID: 6375685966702614630, guid: 6e233ca74f8158e4eaffc93c835b8b11,
    type: 3}
  m_PrefabInstance: {fileID: 6057989804927612144}
  m_PrefabAsset: {fileID: 0}
--- !u!114 &8803608060542928732 stripped
MonoBehaviour:
  m_CorrespondingSourceObject: {fileID: 3332381436216390572, guid: 6e233ca74f8158e4eaffc93c835b8b11,
    type: 3}
  m_PrefabInstance: {fileID: 6057989804927612144}
  m_PrefabAsset: {fileID: 0}
  m_GameObject: {fileID: 0}
  m_Enabled: 1
  m_EditorHideFlags: 0
  m_Script: {fileID: 11500000, guid: 18f103585ea4f2f489da347342d2070c, type: 3}
  m_Name: 
  m_EditorClassIdentifier: 
--- !u!64 &1276830763574743008 stripped
MeshCollider:
  m_CorrespondingSourceObject: {fileID: 5019960459962104592, guid: 6e233ca74f8158e4eaffc93c835b8b11,
    type: 3}
  m_PrefabInstance: {fileID: 6057989804927612144}
  m_PrefabAsset: {fileID: 0}
--- !u!64 &7700669653696575157 stripped
MeshCollider:
  m_CorrespondingSourceObject: {fileID: 4525004788988052037, guid: 6e233ca74f8158e4eaffc93c835b8b11,
    type: 3}
  m_PrefabInstance: {fileID: 6057989804927612144}
  m_PrefabAsset: {fileID: 0}
--- !u!114 &5130953621744072931 stripped
MonoBehaviour:
  m_CorrespondingSourceObject: {fileID: 1379933838354598931, guid: 6e233ca74f8158e4eaffc93c835b8b11,
    type: 3}
  m_PrefabInstance: {fileID: 6057989804927612144}
  m_PrefabAsset: {fileID: 0}
  m_GameObject: {fileID: 0}
  m_Enabled: 1
  m_EditorHideFlags: 0
  m_Script: {fileID: 11500000, guid: f11eaef46b5a67f47bbeeb7a4a279418, type: 3}
  m_Name: 
  m_EditorClassIdentifier: 
--- !u!114 &3987607721330127325 stripped
MonoBehaviour:
  m_CorrespondingSourceObject: {fileID: 7153011131825079597, guid: 6e233ca74f8158e4eaffc93c835b8b11,
    type: 3}
  m_PrefabInstance: {fileID: 6057989804927612144}
  m_PrefabAsset: {fileID: 0}
  m_GameObject: {fileID: 0}
  m_Enabled: 1
  m_EditorHideFlags: 0
  m_Script: {fileID: 11500000, guid: eb91f602a03574847be10fac2aa8f821, type: 3}
  m_Name: 
  m_EditorClassIdentifier: 
--- !u!4 &9011317179203028581 stripped
Transform:
  m_CorrespondingSourceObject: {fileID: 2962502803343307413, guid: 6e233ca74f8158e4eaffc93c835b8b11,
    type: 3}
  m_PrefabInstance: {fileID: 6057989804927612144}
  m_PrefabAsset: {fileID: 0}
