%YAML 1.1
%TAG !u! tag:unity3d.com,2011:
--- !u!1001 &7256165500272247373
PrefabInstance:
  m_ObjectHideFlags: 0
  serializedVersion: 2
  m_Modification:
    m_TransformParent: {fileID: 0}
    m_Modifications:
    - target: {fileID: 5588584909667647374, guid: 56effb974e0c3b24899988739792d6b4,
        type: 3}
      propertyPath: m_Name
      value: Level 3
      objectReference: {fileID: 0}
    - target: {fileID: 3949020496661798220, guid: 56effb974e0c3b24899988739792d6b4,
        type: 3}
      propertyPath: m_LocalPosition.x
      value: 0
      objectReference: {fileID: 0}
    - target: {fileID: 3949020496661798220, guid: 56effb974e0c3b24899988739792d6b4,
        type: 3}
      propertyPath: m_LocalPosition.y
      value: 0
      objectReference: {fileID: 0}
    - target: {fileID: 3949020496661798220, guid: 56effb974e0c3b24899988739792d6b4,
        type: 3}
      propertyPath: m_LocalPosition.z
      value: 0
      objectReference: {fileID: 0}
    - target: {fileID: 3949020496661798220, guid: 56effb974e0c3b24899988739792d6b4,
        type: 3}
      propertyPath: m_LocalRotation.x
      value: 0
      objectReference: {fileID: 0}
    - target: {fileID: 3949020496661798220, guid: 56effb974e0c3b24899988739792d6b4,
        type: 3}
      propertyPath: m_LocalRotation.y
      value: 0
      objectReference: {fileID: 0}
    - target: {fileID: 3949020496661798220, guid: 56effb974e0c3b24899988739792d6b4,
        type: 3}
      propertyPath: m_LocalRotation.z
      value: 0
      objectReference: {fileID: 0}
    - target: {fileID: 3949020496661798220, guid: 56effb974e0c3b24899988739792d6b4,
        type: 3}
      propertyPath: m_LocalRotation.w
      value: 1
      objectReference: {fileID: 0}
    - target: {fileID: 3949020496661798220, guid: 56effb974e0c3b24899988739792d6b4,
        type: 3}
      propertyPath: m_RootOrder
      value: 0
      objectReference: {fileID: 0}
    - target: {fileID: 3949020496661798220, guid: 56effb974e0c3b24899988739792d6b4,
        type: 3}
      propertyPath: m_LocalEulerAnglesHint.x
      value: 0
      objectReference: {fileID: 0}
    - target: {fileID: 3949020496661798220, guid: 56effb974e0c3b24899988739792d6b4,
        type: 3}
      propertyPath: m_LocalEulerAnglesHint.y
      value: 0
      objectReference: {fileID: 0}
    - target: {fileID: 3949020496661798220, guid: 56effb974e0c3b24899988739792d6b4,
        type: 3}
      propertyPath: m_LocalEulerAnglesHint.z
      value: 0
      objectReference: {fileID: 0}
    - target: {fileID: 7145429484792902860, guid: 56effb974e0c3b24899988739792d6b4,
        type: 3}
      propertyPath: m_IsActive
      value: 1
      objectReference: {fileID: 0}
    - target: {fileID: 6621700596792681797, guid: 56effb974e0c3b24899988739792d6b4,
        type: 3}
      propertyPath: m_IsActive
      value: 1
      objectReference: {fileID: 0}
    - target: {fileID: 7501627474471483984, guid: 56effb974e0c3b24899988739792d6b4,
        type: 3}
      propertyPath: gamePhaseSequence.Array.size
      value: 8
      objectReference: {fileID: 0}
    - target: {fileID: 7501627474471483984, guid: 56effb974e0c3b24899988739792d6b4,
        type: 3}
      propertyPath: gamePhaseSequence.Array.data[0]
      value: 
      objectReference: {fileID: 5036639107500470182}
    - target: {fileID: 7501627474471483984, guid: 56effb974e0c3b24899988739792d6b4,
        type: 3}
      propertyPath: gamePhaseSequence.Array.data[1]
      value: 
      objectReference: {fileID: 5965439991453852491}
    - target: {fileID: 7501627474471483984, guid: 56effb974e0c3b24899988739792d6b4,
        type: 3}
      propertyPath: gamePhaseSequence.Array.data[2]
      value: 
      objectReference: {fileID: 4066845858731270638}
    - target: {fileID: 7501627474471483984, guid: 56effb974e0c3b24899988739792d6b4,
        type: 3}
      propertyPath: gamePhaseSequence.Array.data[3]
      value: 
      objectReference: {fileID: 6616758792989548696}
    - target: {fileID: 7501627474471483984, guid: 56effb974e0c3b24899988739792d6b4,
        type: 3}
      propertyPath: gamePhaseSequence.Array.data[4]
      value: 
      objectReference: {fileID: 3085788807589480723}
    - target: {fileID: 7501627474471483984, guid: 56effb974e0c3b24899988739792d6b4,
        type: 3}
      propertyPath: gamePhaseSequence.Array.data[5]
      value: 
      objectReference: {fileID: 6910190836323753779}
    - target: {fileID: 7501627474471483984, guid: 56effb974e0c3b24899988739792d6b4,
        type: 3}
      propertyPath: gamePhaseSequence.Array.data[6]
      value: 
      objectReference: {fileID: 6322172976035875649}
    - target: {fileID: 7501627474471483984, guid: 56effb974e0c3b24899988739792d6b4,
        type: 3}
      propertyPath: gamePhaseSequence.Array.data[7]
      value: 
      objectReference: {fileID: 6127786824648468019}
    - target: {fileID: 7501627474471483984, guid: 56effb974e0c3b24899988739792d6b4,
        type: 3}
      propertyPath: meshRoots.Array.data[0]
      value: 
      objectReference: {fileID: 7642533193620794837}
    - target: {fileID: 7501627474471483984, guid: 56effb974e0c3b24899988739792d6b4,
        type: 3}
      propertyPath: meshRoots.Array.data[1]
      value: 
      objectReference: {fileID: 7785944765396078692}
    - target: {fileID: 7501627474471483984, guid: 56effb974e0c3b24899988739792d6b4,
        type: 3}
      propertyPath: meshRoots.Array.data[2]
      value: 
      objectReference: {fileID: 4563858980270144296}
    - target: {fileID: 8219438606500462487, guid: 56effb974e0c3b24899988739792d6b4,
        type: 3}
      propertyPath: swingAnimator
      value: 
      objectReference: {fileID: 929507792783924661}
    - target: {fileID: 8219438606500462487, guid: 56effb974e0c3b24899988739792d6b4,
        type: 3}
      propertyPath: dropAnimator
      value: 
      objectReference: {fileID: 3490538007041171788}
    - target: {fileID: 8219438606500462487, guid: 56effb974e0c3b24899988739792d6b4,
        type: 3}
      propertyPath: dropContent
      value: 
      objectReference: {fileID: 4563858980270144296}
    - target: {fileID: 8219438606500462487, guid: 56effb974e0c3b24899988739792d6b4,
        type: 3}
      propertyPath: axisTransform
      value: 
      objectReference: {fileID: 7785944765396078692}
    - target: {fileID: 8219438606500462487, guid: 56effb974e0c3b24899988739792d6b4,
        type: 3}
      propertyPath: indicator
      value: 
      objectReference: {fileID: 5664489440495946070}
    - target: {fileID: 5795875830115180475, guid: 56effb974e0c3b24899988739792d6b4,
        type: 3}
      propertyPath: m_IsActive
      value: 1
      objectReference: {fileID: 0}
    - target: {fileID: 6015295664342839975, guid: 56effb974e0c3b24899988739792d6b4,
        type: 3}
      propertyPath: m_IsActive
      value: 1
      objectReference: {fileID: 0}
    - target: {fileID: 6877992952678458543, guid: 56effb974e0c3b24899988739792d6b4,
        type: 3}
      propertyPath: m_IsActive
      value: 1
      objectReference: {fileID: 0}
    - target: {fileID: 3152450022808234479, guid: 56effb974e0c3b24899988739792d6b4,
        type: 3}
      propertyPath: swingAnimator
      value: 
      objectReference: {fileID: 7347024070697752042}
    - target: {fileID: 3152450022808234479, guid: 56effb974e0c3b24899988739792d6b4,
        type: 3}
      propertyPath: dropAnimator
      value: 
      objectReference: {fileID: 5975617259363910966}
    - target: {fileID: 3152450022808234479, guid: 56effb974e0c3b24899988739792d6b4,
        type: 3}
      propertyPath: dropContent
      value: 
      objectReference: {fileID: 7785944765396078692}
    - target: {fileID: 3152450022808234479, guid: 56effb974e0c3b24899988739792d6b4,
        type: 3}
      propertyPath: axisTransform
      value: 
      objectReference: {fileID: 7642533193620794837}
    - target: {fileID: 3152450022808234479, guid: 56effb974e0c3b24899988739792d6b4,
        type: 3}
      propertyPath: indicator
      value: 
      objectReference: {fileID: 5441947300472279971}
    - target: {fileID: 713775836673541641, guid: 56effb974e0c3b24899988739792d6b4,
        type: 3}
      propertyPath: m_IsActive
      value: 1
      objectReference: {fileID: 0}
    - target: {fileID: 7488549640688295133, guid: 56effb974e0c3b24899988739792d6b4,
        type: 3}
      propertyPath: morfSteps.Array.data[0].meshFilter
      value: 
      objectReference: {fileID: 7785944765392654410}
    - target: {fileID: 7488549640688295133, guid: 56effb974e0c3b24899988739792d6b4,
        type: 3}
      propertyPath: morfSteps.Array.data[1].meshFilter
      value: 
      objectReference: {fileID: 7785944765392654412}
    - target: {fileID: 7801223329308013980, guid: 56effb974e0c3b24899988739792d6b4,
        type: 3}
      propertyPath: phaseRef
      value: 
      objectReference: {fileID: 5036639107500470182}
    - target: {fileID: 7730632369409678418, guid: 56effb974e0c3b24899988739792d6b4,
        type: 3}
      propertyPath: morfSteps.Array.data[0].meshFilter
      value: 
      objectReference: {fileID: 7642533193619500531}
    - target: {fileID: 8189259288034575998, guid: 56effb974e0c3b24899988739792d6b4,
        type: 3}
      propertyPath: morfSteps.Array.data[0].meshFilter
      value: 
      objectReference: {fileID: 7642533193619500539}
    - target: {fileID: 8189259288034575998, guid: 56effb974e0c3b24899988739792d6b4,
        type: 3}
      propertyPath: morfSteps.Array.data[1].meshFilter
      value: 
      objectReference: {fileID: 7642533193619500541}
    - target: {fileID: 4629692995475236963, guid: 56effb974e0c3b24899988739792d6b4,
        type: 3}
      propertyPath: m_Materials.Array.data[0]
      value: 
      objectReference: {fileID: 2100000, guid: 75ba15496004e604e95ec7a826211dfc, type: 2}
    - target: {fileID: 5648068643369732958, guid: 56effb974e0c3b24899988739792d6b4,
        type: 3}
      propertyPath: morfMeshes.Array.data[0]
      value: 
      objectReference: {fileID: 6622453234924397891}
    - target: {fileID: 5648068643369732958, guid: 56effb974e0c3b24899988739792d6b4,
        type: 3}
      propertyPath: morfMeshes.Array.data[1]
      value: 
      objectReference: {fileID: 243115399778328208}
    - target: {fileID: 5648068643369732958, guid: 56effb974e0c3b24899988739792d6b4,
        type: 3}
      propertyPath: phaseCollider
      value: 
      objectReference: {fileID: 1866400192419381399}
    - target: {fileID: 5648068643369732958, guid: 56effb974e0c3b24899988739792d6b4,
        type: 3}
      propertyPath: icingPhaseRef
      value: 
      objectReference: {fileID: 6616758792989548696}
    - target: {fileID: 5648068643369732958, guid: 56effb974e0c3b24899988739792d6b4,
        type: 3}
      propertyPath: targetCount
      value: 0.9975
      objectReference: {fileID: 0}
    - target: {fileID: 5648068643369732958, guid: 56effb974e0c3b24899988739792d6b4,
        type: 3}
      propertyPath: meshRef
      value: 
      objectReference: {fileID: 4328430998128486978}
    - target: {fileID: 5809469925757080065, guid: 56effb974e0c3b24899988739792d6b4,
        type: 3}
      propertyPath: m_Materials.Array.data[0]
      value: 
      objectReference: {fileID: 2100000, guid: 75ba15496004e604e95ec7a826211dfc, type: 2}
    - target: {fileID: 6684259737612985251, guid: 56effb974e0c3b24899988739792d6b4,
        type: 3}
      propertyPath: dc
      value: 
      objectReference: {fileID: 5696161292226931618}
    - target: {fileID: 6684259737612985251, guid: 56effb974e0c3b24899988739792d6b4,
        type: 3}
      propertyPath: phaseCamTrans
      value: 
      objectReference: {fileID: 7577411982296059768}
    - target: {fileID: 6684259737612985251, guid: 56effb974e0c3b24899988739792d6b4,
        type: 3}
      propertyPath: meshRef
      value: 
      objectReference: {fileID: 4328430998128486978}
    - target: {fileID: 2432707266828249454, guid: 56effb974e0c3b24899988739792d6b4,
        type: 3}
      propertyPath: morfSteps.Array.data[0].meshFilter
      value: 
      objectReference: {fileID: 4563858980267244294}
    - target: {fileID: 2432707266828249454, guid: 56effb974e0c3b24899988739792d6b4,
        type: 3}
      propertyPath: morfSteps.Array.data[1].meshFilter
      value: 
      objectReference: {fileID: 4563858980267244288}
    - target: {fileID: 2402292747467484651, guid: 56effb974e0c3b24899988739792d6b4,
        type: 3}
      propertyPath: cols.Array.size
      value: 2
      objectReference: {fileID: 0}
    - target: {fileID: 2402292747467484651, guid: 56effb974e0c3b24899988739792d6b4,
        type: 3}
      propertyPath: morfMeshes.Array.data[0]
      value: 
      objectReference: {fileID: 1151704609524342303}
    - target: {fileID: 2402292747467484651, guid: 56effb974e0c3b24899988739792d6b4,
        type: 3}
      propertyPath: morfMeshes.Array.data[1]
      value: 
      objectReference: {fileID: 1519124834333918259}
    - target: {fileID: 2402292747467484651, guid: 56effb974e0c3b24899988739792d6b4,
        type: 3}
      propertyPath: phaseCollider
      value: 
      objectReference: {fileID: 6228461465590468657}
    - target: {fileID: 2402292747467484651, guid: 56effb974e0c3b24899988739792d6b4,
        type: 3}
      propertyPath: targetChoppedMesh
      value: 
      objectReference: {fileID: 1151704609524342303}
    - target: {fileID: 2402292747467484651, guid: 56effb974e0c3b24899988739792d6b4,
        type: 3}
      propertyPath: m_Enabled
      value: 1
      objectReference: {fileID: 0}
    - target: {fileID: 2402292747467484651, guid: 56effb974e0c3b24899988739792d6b4,
        type: 3}
      propertyPath: meshRef
      value: 
      objectReference: {fileID: 7526320674010727272}
    - target: {fileID: 2402292747467484651, guid: 56effb974e0c3b24899988739792d6b4,
        type: 3}
      propertyPath: texRef
      value: 
      objectReference: {fileID: 2800000, guid: fd64c62c91421fa4986ccd1f90fcf3aa, type: 3}
    - target: {fileID: 2943801146993930800, guid: 56effb974e0c3b24899988739792d6b4,
        type: 3}
      propertyPath: phaseRef
      value: 
      objectReference: {fileID: 6322172976035875649}
    - target: {fileID: 3925612765823639814, guid: 56effb974e0c3b24899988739792d6b4,
        type: 3}
      propertyPath: morfMeshes.Array.data[0]
      value: 
      objectReference: {fileID: 1151704609524342303}
    - target: {fileID: 3925612765823639814, guid: 56effb974e0c3b24899988739792d6b4,
        type: 3}
      propertyPath: morfMeshes.Array.data[1]
      value: 
      objectReference: {fileID: 1519124834333918259}
    - target: {fileID: 3925612765823639814, guid: 56effb974e0c3b24899988739792d6b4,
        type: 3}
      propertyPath: phaseCollider
      value: 
      objectReference: {fileID: 3683860623867113522}
    - target: {fileID: 3925612765823639814, guid: 56effb974e0c3b24899988739792d6b4,
        type: 3}
      propertyPath: icingPhaseRef
      value: 
      objectReference: {fileID: 5036639107500470182}
    - target: {fileID: 3925612765823639814, guid: 56effb974e0c3b24899988739792d6b4,
        type: 3}
      propertyPath: targetCount
      value: 0.9975
      objectReference: {fileID: 0}
    - target: {fileID: 3925612765823639814, guid: 56effb974e0c3b24899988739792d6b4,
        type: 3}
      propertyPath: meshRef
      value: 
      objectReference: {fileID: 7526320674010727272}
    - target: {fileID: 3582984818214937726, guid: 56effb974e0c3b24899988739792d6b4,
        type: 3}
      propertyPath: morfMeshes.Array.data[0]
      value: 
      objectReference: {fileID: 7529578456141662831}
    - target: {fileID: 3582984818214937726, guid: 56effb974e0c3b24899988739792d6b4,
        type: 3}
      propertyPath: morfMeshes.Array.data[1]
      value: 
      objectReference: {fileID: 5003959113166826275}
    - target: {fileID: 3582984818214937726, guid: 56effb974e0c3b24899988739792d6b4,
        type: 3}
      propertyPath: phaseCollider
      value: 
      objectReference: {fileID: 337427704422009376}
    - target: {fileID: 3582984818214937726, guid: 56effb974e0c3b24899988739792d6b4,
        type: 3}
      propertyPath: icingPhaseRef
      value: 
      objectReference: {fileID: 6322172976035875649}
    - target: {fileID: 3582984818214937726, guid: 56effb974e0c3b24899988739792d6b4,
        type: 3}
      propertyPath: targetCount
      value: 0.9975
      objectReference: {fileID: 0}
    - target: {fileID: 3582984818214937726, guid: 56effb974e0c3b24899988739792d6b4,
        type: 3}
      propertyPath: meshRef
      value: 
      objectReference: {fileID: 5415031044973631275}
    - target: {fileID: 3674125835457449904, guid: 56effb974e0c3b24899988739792d6b4,
        type: 3}
      propertyPath: phaseRef
      value: 
      objectReference: {fileID: 3085788807589480723}
    - target: {fileID: 3679382349488670988, guid: 56effb974e0c3b24899988739792d6b4,
        type: 3}
      propertyPath: cols.Array.size
      value: 2
      objectReference: {fileID: 0}
    - target: {fileID: 3679382349488670988, guid: 56effb974e0c3b24899988739792d6b4,
        type: 3}
      propertyPath: morfMeshes.Array.data[0]
      value: 
      objectReference: {fileID: 7529578456141662831}
    - target: {fileID: 3679382349488670988, guid: 56effb974e0c3b24899988739792d6b4,
        type: 3}
      propertyPath: morfMeshes.Array.data[1]
      value: 
      objectReference: {fileID: 5003959113166826275}
    - target: {fileID: 3679382349488670988, guid: 56effb974e0c3b24899988739792d6b4,
        type: 3}
      propertyPath: phaseCollider
      value: 
      objectReference: {fileID: 3285937657550442613}
    - target: {fileID: 3679382349488670988, guid: 56effb974e0c3b24899988739792d6b4,
        type: 3}
      propertyPath: targetChoppedMesh
      value: 
      objectReference: {fileID: 7529578456141662831}
    - target: {fileID: 3679382349488670988, guid: 56effb974e0c3b24899988739792d6b4,
        type: 3}
      propertyPath: cols.Array.data[3].r
      value: 1
      objectReference: {fileID: 0}
    - target: {fileID: 3679382349488670988, guid: 56effb974e0c3b24899988739792d6b4,
        type: 3}
      propertyPath: cols.Array.data[3].g
      value: 0.7850081
      objectReference: {fileID: 0}
    - target: {fileID: 3679382349488670988, guid: 56effb974e0c3b24899988739792d6b4,
        type: 3}
      propertyPath: cols.Array.data[3].b
      value: 0.1273585
      objectReference: {fileID: 0}
    - target: {fileID: 3679382349488670988, guid: 56effb974e0c3b24899988739792d6b4,
        type: 3}
      propertyPath: cols.Array.data[3].a
      value: 1
      objectReference: {fileID: 0}
    - target: {fileID: 3679382349488670988, guid: 56effb974e0c3b24899988739792d6b4,
        type: 3}
      propertyPath: cols.Array.data[2].r
      value: 1
      objectReference: {fileID: 0}
    - target: {fileID: 3679382349488670988, guid: 56effb974e0c3b24899988739792d6b4,
        type: 3}
      propertyPath: cols.Array.data[2].g
      value: 0.6666667
      objectReference: {fileID: 0}
    - target: {fileID: 3679382349488670988, guid: 56effb974e0c3b24899988739792d6b4,
        type: 3}
      propertyPath: cols.Array.data[2].b
      value: 0.7920389
      objectReference: {fileID: 0}
    - target: {fileID: 3679382349488670988, guid: 56effb974e0c3b24899988739792d6b4,
        type: 3}
      propertyPath: cols.Array.data[0].g
      value: 0.9505613
      objectReference: {fileID: 0}
    - target: {fileID: 3679382349488670988, guid: 56effb974e0c3b24899988739792d6b4,
        type: 3}
      propertyPath: cols.Array.data[0].b
      value: 0.6745283
      objectReference: {fileID: 0}
    - target: {fileID: 3679382349488670988, guid: 56effb974e0c3b24899988739792d6b4,
        type: 3}
      propertyPath: meshRef
      value: 
      objectReference: {fileID: 5415031044973631275}
    - target: {fileID: 3679382349488670988, guid: 56effb974e0c3b24899988739792d6b4,
        type: 3}
      propertyPath: texRef
      value: 
      objectReference: {fileID: 2800000, guid: 5eeda95a2f775844b9df89c759d68890, type: 3}
    - target: {fileID: 3679382349488670988, guid: 56effb974e0c3b24899988739792d6b4,
        type: 3}
      propertyPath: cols.Array.data[1].r
      value: 1
      objectReference: {fileID: 0}
    - target: {fileID: 3679382349488670988, guid: 56effb974e0c3b24899988739792d6b4,
        type: 3}
      propertyPath: cols.Array.data[1].g
      value: 0.67413914
      objectReference: {fileID: 0}
    - target: {fileID: 3679382349488670988, guid: 56effb974e0c3b24899988739792d6b4,
        type: 3}
      propertyPath: cols.Array.data[1].b
      value: 0.3537736
      objectReference: {fileID: 0}
    - target: {fileID: 4566763286073811669, guid: 56effb974e0c3b24899988739792d6b4,
        type: 3}
      propertyPath: cols.Array.size
      value: 2
      objectReference: {fileID: 0}
    - target: {fileID: 4566763286073811669, guid: 56effb974e0c3b24899988739792d6b4,
        type: 3}
      propertyPath: morfMeshes.Array.data[0]
      value: 
      objectReference: {fileID: 6622453234924397891}
    - target: {fileID: 4566763286073811669, guid: 56effb974e0c3b24899988739792d6b4,
        type: 3}
      propertyPath: morfMeshes.Array.data[1]
      value: 
      objectReference: {fileID: 243115399778328208}
    - target: {fileID: 4566763286073811669, guid: 56effb974e0c3b24899988739792d6b4,
        type: 3}
      propertyPath: phaseCollider
      value: 
      objectReference: {fileID: 9049660771052202226}
    - target: {fileID: 4566763286073811669, guid: 56effb974e0c3b24899988739792d6b4,
        type: 3}
      propertyPath: targetChoppedMesh
      value: 
      objectReference: {fileID: 6622453234924397891}
    - target: {fileID: 4566763286073811669, guid: 56effb974e0c3b24899988739792d6b4,
        type: 3}
      propertyPath: meshRef
      value: 
      objectReference: {fileID: 4328430998128486978}
    - target: {fileID: 4566763286073811669, guid: 56effb974e0c3b24899988739792d6b4,
        type: 3}
      propertyPath: texRef
      value: 
      objectReference: {fileID: 2800000, guid: fd64c62c91421fa4986ccd1f90fcf3aa, type: 3}
    - target: {fileID: 4566763286073811669, guid: 56effb974e0c3b24899988739792d6b4,
        type: 3}
      propertyPath: cols.Array.data[1].g
      value: 0.9505613
      objectReference: {fileID: 0}
    - target: {fileID: 4566763286073811669, guid: 56effb974e0c3b24899988739792d6b4,
        type: 3}
      propertyPath: cols.Array.data[1].b
      value: 0.6745283
      objectReference: {fileID: 0}
    - target: {fileID: 4563477049068627726, guid: 56effb974e0c3b24899988739792d6b4,
        type: 3}
      propertyPath: morfSteps.Array.data[0].meshFilter
      value: 
      objectReference: {fileID: 7785944765392654402}
    - target: {fileID: 4226080753126190188, guid: 56effb974e0c3b24899988739792d6b4,
        type: 3}
      propertyPath: phaseRef
      value: 
      objectReference: {fileID: 6616758792989548696}
    - target: {fileID: 4275879670291930494, guid: 56effb974e0c3b24899988739792d6b4,
        type: 3}
      propertyPath: dc
      value: 
      objectReference: {fileID: 1630966959052651994}
    - target: {fileID: 4275879670291930494, guid: 56effb974e0c3b24899988739792d6b4,
        type: 3}
      propertyPath: phaseCamTrans
      value: 
      objectReference: {fileID: 7078333214078968880}
    - target: {fileID: 4275879670291930494, guid: 56effb974e0c3b24899988739792d6b4,
        type: 3}
      propertyPath: meshRef
      value: 
      objectReference: {fileID: 5415031044973631275}
    - target: {fileID: 922529449460500514, guid: 56effb974e0c3b24899988739792d6b4,
        type: 3}
      propertyPath: morfSteps.Array.data[0].meshFilter
      value: 
      objectReference: {fileID: 4563858980267244302}
    - target: {fileID: 953988996530342568, guid: 56effb974e0c3b24899988739792d6b4,
        type: 3}
      propertyPath: phaseRef
      value: 
      objectReference: {fileID: 6127786824648468019}
    - target: {fileID: 675853851854942618, guid: 56effb974e0c3b24899988739792d6b4,
        type: 3}
      propertyPath: phaseRef
      value: 
      objectReference: {fileID: 5965439991453852491}
    - target: {fileID: 2277276294096075387, guid: 56effb974e0c3b24899988739792d6b4,
        type: 3}
      propertyPath: m_Materials.Array.data[0]
      value: 
      objectReference: {fileID: 2100000, guid: fd2620064d571f147976627c4cfef82c, type: 2}
    - target: {fileID: 6386870754378573839, guid: 56effb974e0c3b24899988739792d6b4,
        type: 3}
      propertyPath: bodySmall
      value: 
      objectReference: {fileID: 7785944765392654400}
    - target: {fileID: 6386870754378573839, guid: 56effb974e0c3b24899988739792d6b4,
        type: 3}
      propertyPath: bodyBig
      value: 
      objectReference: {fileID: 7785944765392654402}
    - target: {fileID: 6386870754378573839, guid: 56effb974e0c3b24899988739792d6b4,
        type: 3}
      propertyPath: colliderSmall
      value: 
      objectReference: {fileID: 7785944765392654404}
    - target: {fileID: 6386870754378573839, guid: 56effb974e0c3b24899988739792d6b4,
        type: 3}
      propertyPath: colliderBig
      value: 
      objectReference: {fileID: 7785944765392654406}
    - target: {fileID: 6386870754378573839, guid: 56effb974e0c3b24899988739792d6b4,
        type: 3}
      propertyPath: dummy
      value: 
      objectReference: {fileID: 377751761942038597}
    - target: {fileID: 919236616168046885, guid: 56effb974e0c3b24899988739792d6b4,
        type: 3}
      propertyPath: bodySmall
      value: 
      objectReference: {fileID: 7642533193619500529}
    - target: {fileID: 919236616168046885, guid: 56effb974e0c3b24899988739792d6b4,
        type: 3}
      propertyPath: bodyBig
      value: 
      objectReference: {fileID: 7642533193619500531}
    - target: {fileID: 919236616168046885, guid: 56effb974e0c3b24899988739792d6b4,
        type: 3}
      propertyPath: colliderSmall
      value: 
      objectReference: {fileID: 7642533193619500533}
    - target: {fileID: 919236616168046885, guid: 56effb974e0c3b24899988739792d6b4,
        type: 3}
      propertyPath: colliderBig
      value: 
      objectReference: {fileID: 7642533193619500535}
    - target: {fileID: 919236616168046885, guid: 56effb974e0c3b24899988739792d6b4,
        type: 3}
      propertyPath: dummy
      value: 
      objectReference: {fileID: 5883277555430828443}
    - target: {fileID: 3428675383714747750, guid: 56effb974e0c3b24899988739792d6b4,
        type: 3}
      propertyPath: bodySmall
      value: 
      objectReference: {fileID: 4563858980267244300}
    - target: {fileID: 3428675383714747750, guid: 56effb974e0c3b24899988739792d6b4,
        type: 3}
      propertyPath: bodyBig
      value: 
      objectReference: {fileID: 4563858980267244302}
    - target: {fileID: 3428675383714747750, guid: 56effb974e0c3b24899988739792d6b4,
        type: 3}
      propertyPath: colliderSmall
      value: 
      objectReference: {fileID: 4563858980267244296}
    - target: {fileID: 3428675383714747750, guid: 56effb974e0c3b24899988739792d6b4,
        type: 3}
      propertyPath: colliderBig
      value: 
      objectReference: {fileID: 4563858980267244298}
    - target: {fileID: 3428675383714747750, guid: 56effb974e0c3b24899988739792d6b4,
        type: 3}
      propertyPath: dummy
      value: 
      objectReference: {fileID: 6800363205741573526}
    m_RemovedComponents: []
  m_SourcePrefab: {fileID: 100100000, guid: 56effb974e0c3b24899988739792d6b4, type: 3}
--- !u!114 &5965439991453852491 stripped
MonoBehaviour:
  m_CorrespondingSourceObject: {fileID: 3925612765823639814, guid: 56effb974e0c3b24899988739792d6b4,
    type: 3}
  m_PrefabInstance: {fileID: 7256165500272247373}
  m_PrefabAsset: {fileID: 0}
  m_GameObject: {fileID: 0}
  m_Enabled: 1
  m_EditorHideFlags: 0
  m_Script: {fileID: 11500000, guid: eb91f602a03574847be10fac2aa8f821, type: 3}
  m_Name: 
  m_EditorClassIdentifier: 
--- !u!114 &4066845858731270638 stripped
MonoBehaviour:
  m_CorrespondingSourceObject: {fileID: 6684259737612985251, guid: 56effb974e0c3b24899988739792d6b4,
    type: 3}
  m_PrefabInstance: {fileID: 7256165500272247373}
  m_PrefabAsset: {fileID: 0}
  m_GameObject: {fileID: 0}
  m_Enabled: 1
  m_EditorHideFlags: 0
  m_Script: {fileID: 11500000, guid: 1a287f6837fd33c49b7a8ad70ff88914, type: 3}
  m_Name: 
  m_EditorClassIdentifier: 
--- !u!114 &6616758792989548696 stripped
MonoBehaviour:
  m_CorrespondingSourceObject: {fileID: 4566763286073811669, guid: 56effb974e0c3b24899988739792d6b4,
    type: 3}
  m_PrefabInstance: {fileID: 7256165500272247373}
  m_PrefabAsset: {fileID: 0}
  m_GameObject: {fileID: 0}
  m_Enabled: 1
  m_EditorHideFlags: 0
  m_Script: {fileID: 11500000, guid: f11eaef46b5a67f47bbeeb7a4a279418, type: 3}
  m_Name: 
  m_EditorClassIdentifier: 
--- !u!114 &3085788807589480723 stripped
MonoBehaviour:
  m_CorrespondingSourceObject: {fileID: 5648068643369732958, guid: 56effb974e0c3b24899988739792d6b4,
    type: 3}
  m_PrefabInstance: {fileID: 7256165500272247373}
  m_PrefabAsset: {fileID: 0}
  m_GameObject: {fileID: 0}
  m_Enabled: 1
  m_EditorHideFlags: 0
  m_Script: {fileID: 11500000, guid: eb91f602a03574847be10fac2aa8f821, type: 3}
  m_Name: 
  m_EditorClassIdentifier: 
--- !u!114 &6910190836323753779 stripped
MonoBehaviour:
  m_CorrespondingSourceObject: {fileID: 4275879670291930494, guid: 56effb974e0c3b24899988739792d6b4,
    type: 3}
  m_PrefabInstance: {fileID: 7256165500272247373}
  m_PrefabAsset: {fileID: 0}
  m_GameObject: {fileID: 0}
  m_Enabled: 1
  m_EditorHideFlags: 0
  m_Script: {fileID: 11500000, guid: 1a287f6837fd33c49b7a8ad70ff88914, type: 3}
  m_Name: 
  m_EditorClassIdentifier: 
--- !u!114 &6322172976035875649 stripped
MonoBehaviour:
  m_CorrespondingSourceObject: {fileID: 3679382349488670988, guid: 56effb974e0c3b24899988739792d6b4,
    type: 3}
  m_PrefabInstance: {fileID: 7256165500272247373}
  m_PrefabAsset: {fileID: 0}
  m_GameObject: {fileID: 0}
  m_Enabled: 1
  m_EditorHideFlags: 0
  m_Script: {fileID: 11500000, guid: f11eaef46b5a67f47bbeeb7a4a279418, type: 3}
  m_Name: 
  m_EditorClassIdentifier: 
--- !u!114 &6127786824648468019 stripped
MonoBehaviour:
  m_CorrespondingSourceObject: {fileID: 3582984818214937726, guid: 56effb974e0c3b24899988739792d6b4,
    type: 3}
  m_PrefabInstance: {fileID: 7256165500272247373}
  m_PrefabAsset: {fileID: 0}
  m_GameObject: {fileID: 0}
  m_Enabled: 1
  m_EditorHideFlags: 0
  m_Script: {fileID: 11500000, guid: eb91f602a03574847be10fac2aa8f821, type: 3}
  m_Name: 
  m_EditorClassIdentifier: 
--- !u!4 &7577411982296059768 stripped
Transform:
  m_CorrespondingSourceObject: {fileID: 980505020152122677, guid: 56effb974e0c3b24899988739792d6b4,
    type: 3}
  m_PrefabInstance: {fileID: 7256165500272247373}
  m_PrefabAsset: {fileID: 0}
--- !u!4 &7078333214078968880 stripped
Transform:
  m_CorrespondingSourceObject: {fileID: 470730193089767037, guid: 56effb974e0c3b24899988739792d6b4,
    type: 3}
  m_PrefabInstance: {fileID: 7256165500272247373}
  m_PrefabAsset: {fileID: 0}
--- !u!4 &7642533193620794837 stripped
Transform:
  m_CorrespondingSourceObject: {fileID: 1061916445426462616, guid: 56effb974e0c3b24899988739792d6b4,
    type: 3}
  m_PrefabInstance: {fileID: 7256165500272247373}
  m_PrefabAsset: {fileID: 0}
--- !u!114 &7526320674010727272 stripped
MonoBehaviour:
  m_CorrespondingSourceObject: {fileID: 919236616168046885, guid: 56effb974e0c3b24899988739792d6b4,
    type: 3}
  m_PrefabInstance: {fileID: 7256165500272247373}
  m_PrefabAsset: {fileID: 0}
  m_GameObject: {fileID: 0}
  m_Enabled: 1
  m_EditorHideFlags: 0
  m_Script: {fileID: 11500000, guid: ea42f196dd78dbf439e30ee921833e84, type: 3}
  m_Name: 
  m_EditorClassIdentifier: 
--- !u!33 &7642533193619500529 stripped
MeshFilter:
  m_CorrespondingSourceObject: {fileID: 1061916445429886908, guid: 56effb974e0c3b24899988739792d6b4,
    type: 3}
  m_PrefabInstance: {fileID: 7256165500272247373}
  m_PrefabAsset: {fileID: 0}
--- !u!114 &1151704609524342303 stripped
MonoBehaviour:
  m_CorrespondingSourceObject: {fileID: 7730632369409678418, guid: 56effb974e0c3b24899988739792d6b4,
    type: 3}
  m_PrefabInstance: {fileID: 7256165500272247373}
  m_PrefabAsset: {fileID: 0}
  m_GameObject: {fileID: 0}
  m_Enabled: 1
  m_EditorHideFlags: 0
  m_Script: {fileID: 11500000, guid: 8ceecf80742826843afc24ce61e7680c, type: 3}
  m_Name: 
  m_EditorClassIdentifier: 
--- !u!33 &7642533193619500531 stripped
MeshFilter:
  m_CorrespondingSourceObject: {fileID: 1061916445429886910, guid: 56effb974e0c3b24899988739792d6b4,
    type: 3}
  m_PrefabInstance: {fileID: 7256165500272247373}
  m_PrefabAsset: {fileID: 0}
--- !u!33 &7642533193619500533 stripped
MeshFilter:
  m_CorrespondingSourceObject: {fileID: 1061916445429886904, guid: 56effb974e0c3b24899988739792d6b4,
    type: 3}
  m_PrefabInstance: {fileID: 7256165500272247373}
  m_PrefabAsset: {fileID: 0}
--- !u!64 &6228461465590468657 stripped
MeshCollider:
  m_CorrespondingSourceObject: {fileID: 3665055606484931196, guid: 56effb974e0c3b24899988739792d6b4,
    type: 3}
  m_PrefabInstance: {fileID: 7256165500272247373}
  m_PrefabAsset: {fileID: 0}
--- !u!33 &7642533193619500535 stripped
MeshFilter:
  m_CorrespondingSourceObject: {fileID: 1061916445429886906, guid: 56effb974e0c3b24899988739792d6b4,
    type: 3}
  m_PrefabInstance: {fileID: 7256165500272247373}
  m_PrefabAsset: {fileID: 0}
--- !u!64 &3683860623867113522 stripped
MeshCollider:
  m_CorrespondingSourceObject: {fileID: 6317608733606802047, guid: 56effb974e0c3b24899988739792d6b4,
    type: 3}
  m_PrefabInstance: {fileID: 7256165500272247373}
  m_PrefabAsset: {fileID: 0}
--- !u!114 &1519124834333918259 stripped
MonoBehaviour:
  m_CorrespondingSourceObject: {fileID: 8189259288034575998, guid: 56effb974e0c3b24899988739792d6b4,
    type: 3}
  m_PrefabInstance: {fileID: 7256165500272247373}
  m_PrefabAsset: {fileID: 0}
  m_GameObject: {fileID: 0}
  m_Enabled: 1
  m_EditorHideFlags: 0
  m_Script: {fileID: 11500000, guid: 8ceecf80742826843afc24ce61e7680c, type: 3}
  m_Name: 
  m_EditorClassIdentifier: 
--- !u!33 &7642533193619500539 stripped
MeshFilter:
  m_CorrespondingSourceObject: {fileID: 1061916445429886902, guid: 56effb974e0c3b24899988739792d6b4,
    type: 3}
  m_PrefabInstance: {fileID: 7256165500272247373}
  m_PrefabAsset: {fileID: 0}
--- !u!33 &7642533193619500541 stripped
MeshFilter:
  m_CorrespondingSourceObject: {fileID: 1061916445429886896, guid: 56effb974e0c3b24899988739792d6b4,
    type: 3}
  m_PrefabInstance: {fileID: 7256165500272247373}
  m_PrefabAsset: {fileID: 0}
--- !u!1 &5883277555430828443 stripped
GameObject:
  m_CorrespondingSourceObject: {fileID: 3825400891903028182, guid: 56effb974e0c3b24899988739792d6b4,
    type: 3}
  m_PrefabInstance: {fileID: 7256165500272247373}
  m_PrefabAsset: {fileID: 0}
--- !u!4 &7785944765396078692 stripped
Transform:
  m_CorrespondingSourceObject: {fileID: 629993296840806953, guid: 56effb974e0c3b24899988739792d6b4,
    type: 3}
  m_PrefabInstance: {fileID: 7256165500272247373}
  m_PrefabAsset: {fileID: 0}
--- !u!114 &4328430998128486978 stripped
MonoBehaviour:
  m_CorrespondingSourceObject: {fileID: 6386870754378573839, guid: 56effb974e0c3b24899988739792d6b4,
    type: 3}
  m_PrefabInstance: {fileID: 7256165500272247373}
  m_PrefabAsset: {fileID: 0}
  m_GameObject: {fileID: 0}
  m_Enabled: 1
  m_EditorHideFlags: 0
  m_Script: {fileID: 11500000, guid: ea42f196dd78dbf439e30ee921833e84, type: 3}
  m_Name: 
  m_EditorClassIdentifier: 
--- !u!33 &7785944765392654400 stripped
MeshFilter:
  m_CorrespondingSourceObject: {fileID: 629993296842101261, guid: 56effb974e0c3b24899988739792d6b4,
    type: 3}
  m_PrefabInstance: {fileID: 7256165500272247373}
  m_PrefabAsset: {fileID: 0}
--- !u!114 &6622453234924397891 stripped
MonoBehaviour:
  m_CorrespondingSourceObject: {fileID: 4563477049068627726, guid: 56effb974e0c3b24899988739792d6b4,
    type: 3}
  m_PrefabInstance: {fileID: 7256165500272247373}
  m_PrefabAsset: {fileID: 0}
  m_GameObject: {fileID: 0}
  m_Enabled: 1
  m_EditorHideFlags: 0
  m_Script: {fileID: 11500000, guid: 8ceecf80742826843afc24ce61e7680c, type: 3}
  m_Name: 
  m_EditorClassIdentifier: 
--- !u!33 &7785944765392654402 stripped
MeshFilter:
  m_CorrespondingSourceObject: {fileID: 629993296842101263, guid: 56effb974e0c3b24899988739792d6b4,
    type: 3}
  m_PrefabInstance: {fileID: 7256165500272247373}
  m_PrefabAsset: {fileID: 0}
--- !u!33 &7785944765392654404 stripped
MeshFilter:
  m_CorrespondingSourceObject: {fileID: 629993296842101257, guid: 56effb974e0c3b24899988739792d6b4,
    type: 3}
  m_PrefabInstance: {fileID: 7256165500272247373}
  m_PrefabAsset: {fileID: 0}
--- !u!64 &9049660771052202226 stripped
MeshCollider:
  m_CorrespondingSourceObject: {fileID: 1812081567912602303, guid: 56effb974e0c3b24899988739792d6b4,
    type: 3}
  m_PrefabInstance: {fileID: 7256165500272247373}
  m_PrefabAsset: {fileID: 0}
--- !u!33 &7785944765392654406 stripped
MeshFilter:
  m_CorrespondingSourceObject: {fileID: 629993296842101259, guid: 56effb974e0c3b24899988739792d6b4,
    type: 3}
  m_PrefabInstance: {fileID: 7256165500272247373}
  m_PrefabAsset: {fileID: 0}
--- !u!64 &1866400192419381399 stripped
MeshCollider:
  m_CorrespondingSourceObject: {fileID: 9031367645580804826, guid: 56effb974e0c3b24899988739792d6b4,
    type: 3}
  m_PrefabInstance: {fileID: 7256165500272247373}
  m_PrefabAsset: {fileID: 0}
--- !u!114 &243115399778328208 stripped
MonoBehaviour:
  m_CorrespondingSourceObject: {fileID: 7488549640688295133, guid: 56effb974e0c3b24899988739792d6b4,
    type: 3}
  m_PrefabInstance: {fileID: 7256165500272247373}
  m_PrefabAsset: {fileID: 0}
  m_GameObject: {fileID: 0}
  m_Enabled: 1
  m_EditorHideFlags: 0
  m_Script: {fileID: 11500000, guid: 8ceecf80742826843afc24ce61e7680c, type: 3}
  m_Name: 
  m_EditorClassIdentifier: 
--- !u!33 &7785944765392654410 stripped
MeshFilter:
  m_CorrespondingSourceObject: {fileID: 629993296842101255, guid: 56effb974e0c3b24899988739792d6b4,
    type: 3}
  m_PrefabInstance: {fileID: 7256165500272247373}
  m_PrefabAsset: {fileID: 0}
--- !u!33 &7785944765392654412 stripped
MeshFilter:
  m_CorrespondingSourceObject: {fileID: 629993296842101249, guid: 56effb974e0c3b24899988739792d6b4,
    type: 3}
  m_PrefabInstance: {fileID: 7256165500272247373}
  m_PrefabAsset: {fileID: 0}
--- !u!1 &377751761942038597 stripped
GameObject:
  m_CorrespondingSourceObject: {fileID: 7029308859667270152, guid: 56effb974e0c3b24899988739792d6b4,
    type: 3}
  m_PrefabInstance: {fileID: 7256165500272247373}
  m_PrefabAsset: {fileID: 0}
--- !u!4 &4563858980270144296 stripped
Transform:
  m_CorrespondingSourceObject: {fileID: 6621700596792981861, guid: 56effb974e0c3b24899988739792d6b4,
    type: 3}
  m_PrefabInstance: {fileID: 7256165500272247373}
  m_PrefabAsset: {fileID: 0}
--- !u!114 &5415031044973631275 stripped
MonoBehaviour:
  m_CorrespondingSourceObject: {fileID: 3428675383714747750, guid: 56effb974e0c3b24899988739792d6b4,
    type: 3}
  m_PrefabInstance: {fileID: 7256165500272247373}
  m_PrefabAsset: {fileID: 0}
  m_GameObject: {fileID: 0}
  m_Enabled: 1
  m_EditorHideFlags: 0
  m_Script: {fileID: 11500000, guid: ea42f196dd78dbf439e30ee921833e84, type: 3}
  m_Name: 
  m_EditorClassIdentifier: 
--- !u!33 &4563858980267244300 stripped
MeshFilter:
  m_CorrespondingSourceObject: {fileID: 6621700596793751873, guid: 56effb974e0c3b24899988739792d6b4,
    type: 3}
  m_PrefabInstance: {fileID: 7256165500272247373}
  m_PrefabAsset: {fileID: 0}
--- !u!114 &7529578456141662831 stripped
MonoBehaviour:
  m_CorrespondingSourceObject: {fileID: 922529449460500514, guid: 56effb974e0c3b24899988739792d6b4,
    type: 3}
  m_PrefabInstance: {fileID: 7256165500272247373}
  m_PrefabAsset: {fileID: 0}
  m_GameObject: {fileID: 0}
  m_Enabled: 1
  m_EditorHideFlags: 0
  m_Script: {fileID: 11500000, guid: 8ceecf80742826843afc24ce61e7680c, type: 3}
  m_Name: 
  m_EditorClassIdentifier: 
--- !u!33 &4563858980267244302 stripped
MeshFilter:
  m_CorrespondingSourceObject: {fileID: 6621700596793751875, guid: 56effb974e0c3b24899988739792d6b4,
    type: 3}
  m_PrefabInstance: {fileID: 7256165500272247373}
  m_PrefabAsset: {fileID: 0}
--- !u!33 &4563858980267244296 stripped
MeshFilter:
  m_CorrespondingSourceObject: {fileID: 6621700596793751877, guid: 56effb974e0c3b24899988739792d6b4,
    type: 3}
  m_PrefabInstance: {fileID: 7256165500272247373}
  m_PrefabAsset: {fileID: 0}
--- !u!64 &3285937657550442613 stripped
MeshCollider:
  m_CorrespondingSourceObject: {fileID: 5272284631166849592, guid: 56effb974e0c3b24899988739792d6b4,
    type: 3}
  m_PrefabInstance: {fileID: 7256165500272247373}
  m_PrefabAsset: {fileID: 0}
--- !u!114 &5036639107500470182 stripped
MonoBehaviour:
  m_CorrespondingSourceObject: {fileID: 2402292747467484651, guid: 56effb974e0c3b24899988739792d6b4,
    type: 3}
  m_PrefabInstance: {fileID: 7256165500272247373}
  m_PrefabAsset: {fileID: 0}
  m_GameObject: {fileID: 0}
  m_Enabled: 1
  m_EditorHideFlags: 0
  m_Script: {fileID: 11500000, guid: f11eaef46b5a67f47bbeeb7a4a279418, type: 3}
  m_Name: 
  m_EditorClassIdentifier: 
--- !u!64 &337427704422009376 stripped
MeshCollider:
  m_CorrespondingSourceObject: {fileID: 6925934409507866733, guid: 56effb974e0c3b24899988739792d6b4,
    type: 3}
  m_PrefabInstance: {fileID: 7256165500272247373}
  m_PrefabAsset: {fileID: 0}
--- !u!114 &5003959113166826275 stripped
MonoBehaviour:
  m_CorrespondingSourceObject: {fileID: 2432707266828249454, guid: 56effb974e0c3b24899988739792d6b4,
    type: 3}
  m_PrefabInstance: {fileID: 7256165500272247373}
  m_PrefabAsset: {fileID: 0}
  m_GameObject: {fileID: 0}
  m_Enabled: 1
  m_EditorHideFlags: 0
  m_Script: {fileID: 11500000, guid: 8ceecf80742826843afc24ce61e7680c, type: 3}
  m_Name: 
  m_EditorClassIdentifier: 
--- !u!33 &4563858980267244294 stripped
MeshFilter:
  m_CorrespondingSourceObject: {fileID: 6621700596793751883, guid: 56effb974e0c3b24899988739792d6b4,
    type: 3}
  m_PrefabInstance: {fileID: 7256165500272247373}
  m_PrefabAsset: {fileID: 0}
--- !u!33 &4563858980267244288 stripped
MeshFilter:
  m_CorrespondingSourceObject: {fileID: 6621700596793751885, guid: 56effb974e0c3b24899988739792d6b4,
    type: 3}
  m_PrefabInstance: {fileID: 7256165500272247373}
  m_PrefabAsset: {fileID: 0}
--- !u!1 &6800363205741573526 stripped
GameObject:
  m_CorrespondingSourceObject: {fileID: 4245955867913025499, guid: 56effb974e0c3b24899988739792d6b4,
    type: 3}
  m_PrefabInstance: {fileID: 7256165500272247373}
  m_PrefabAsset: {fileID: 0}
--- !u!95 &5975617259363910966 stripped
Animator:
  m_CorrespondingSourceObject: {fileID: 3917775637405255547, guid: 56effb974e0c3b24899988739792d6b4,
    type: 3}
  m_PrefabInstance: {fileID: 7256165500272247373}
  m_PrefabAsset: {fileID: 0}
--- !u!33 &4563858980267244298 stripped
MeshFilter:
  m_CorrespondingSourceObject: {fileID: 6621700596793751879, guid: 56effb974e0c3b24899988739792d6b4,
    type: 3}
  m_PrefabInstance: {fileID: 7256165500272247373}
  m_PrefabAsset: {fileID: 0}
--- !u!95 &7347024070697752042 stripped
Animator:
  m_CorrespondingSourceObject: {fileID: 91984475734611879, guid: 56effb974e0c3b24899988739792d6b4,
    type: 3}
  m_PrefabInstance: {fileID: 7256165500272247373}
  m_PrefabAsset: {fileID: 0}
--- !u!212 &5441947300472279971 stripped
SpriteRenderer:
  m_CorrespondingSourceObject: {fileID: 3402111280896004590, guid: 56effb974e0c3b24899988739792d6b4,
    type: 3}
  m_PrefabInstance: {fileID: 7256165500272247373}
  m_PrefabAsset: {fileID: 0}
--- !u!95 &3490538007041171788 stripped
Animator:
  m_CorrespondingSourceObject: {fileID: 6107995728982598401, guid: 56effb974e0c3b24899988739792d6b4,
    type: 3}
  m_PrefabInstance: {fileID: 7256165500272247373}
  m_PrefabAsset: {fileID: 0}
--- !u!114 &1630966959052651994 stripped
MonoBehaviour:
  m_CorrespondingSourceObject: {fileID: 8219438606500462487, guid: 56effb974e0c3b24899988739792d6b4,
    type: 3}
  m_PrefabInstance: {fileID: 7256165500272247373}
  m_PrefabAsset: {fileID: 0}
  m_GameObject: {fileID: 0}
  m_Enabled: 1
  m_EditorHideFlags: 0
  m_Script: {fileID: 11500000, guid: a39e77a3cda3ef049b37b0ac3fce2cae, type: 3}
  m_Name: 
  m_EditorClassIdentifier: 
--- !u!95 &929507792783924661 stripped
Animator:
  m_CorrespondingSourceObject: {fileID: 7518005838246305784, guid: 56effb974e0c3b24899988739792d6b4,
    type: 3}
  m_PrefabInstance: {fileID: 7256165500272247373}
  m_PrefabAsset: {fileID: 0}
--- !u!212 &5664489440495946070 stripped
SpriteRenderer:
  m_CorrespondingSourceObject: {fileID: 3039748541751380763, guid: 56effb974e0c3b24899988739792d6b4,
    type: 3}
  m_PrefabInstance: {fileID: 7256165500272247373}
  m_PrefabAsset: {fileID: 0}
--- !u!114 &5696161292226931618 stripped
MonoBehaviour:
  m_CorrespondingSourceObject: {fileID: 3152450022808234479, guid: 56effb974e0c3b24899988739792d6b4,
    type: 3}
  m_PrefabInstance: {fileID: 7256165500272247373}
  m_PrefabAsset: {fileID: 0}
  m_GameObject: {fileID: 0}
  m_Enabled: 1
  m_EditorHideFlags: 0
  m_Script: {fileID: 11500000, guid: a39e77a3cda3ef049b37b0ac3fce2cae, type: 3}
  m_Name: 
  m_EditorClassIdentifier: 
