%YAML 1.1
%TAG !u! tag:unity3d.com,2011:
--- !u!1001 &8023121284725526636
PrefabInstance:
  m_ObjectHideFlags: 0
  serializedVersion: 2
  m_Modification:
    m_TransformParent: {fileID: 0}
    m_Modifications:
    - target: {fileID: 5588584909667647374, guid: f3884b131b679314697e26f4fba96e39,
        type: 3}
      propertyPath: m_Name
      value: Level 7
      objectReference: {fileID: 0}
    - target: {fileID: 3949020496661798220, guid: f3884b131b679314697e26f4fba96e39,
        type: 3}
      propertyPath: m_LocalPosition.x
      value: 0
      objectReference: {fileID: 0}
    - target: {fileID: 3949020496661798220, guid: f3884b131b679314697e26f4fba96e39,
        type: 3}
      propertyPath: m_LocalPosition.y
      value: 0
      objectReference: {fileID: 0}
    - target: {fileID: 3949020496661798220, guid: f3884b131b679314697e26f4fba96e39,
        type: 3}
      propertyPath: m_LocalPosition.z
      value: 0
      objectReference: {fileID: 0}
    - target: {fileID: 3949020496661798220, guid: f3884b131b679314697e26f4fba96e39,
        type: 3}
      propertyPath: m_LocalRotation.x
      value: 0
      objectReference: {fileID: 0}
    - target: {fileID: 3949020496661798220, guid: f3884b131b679314697e26f4fba96e39,
        type: 3}
      propertyPath: m_LocalRotation.y
      value: 0
      objectReference: {fileID: 0}
    - target: {fileID: 3949020496661798220, guid: f3884b131b679314697e26f4fba96e39,
        type: 3}
      propertyPath: m_LocalRotation.z
      value: 0
      objectReference: {fileID: 0}
    - target: {fileID: 3949020496661798220, guid: f3884b131b679314697e26f4fba96e39,
        type: 3}
      propertyPath: m_LocalRotation.w
      value: 1
      objectReference: {fileID: 0}
    - target: {fileID: 3949020496661798220, guid: f3884b131b679314697e26f4fba96e39,
        type: 3}
      propertyPath: m_RootOrder
      value: 0
      objectReference: {fileID: 0}
    - target: {fileID: 3949020496661798220, guid: f3884b131b679314697e26f4fba96e39,
        type: 3}
      propertyPath: m_LocalEulerAnglesHint.x
      value: 0
      objectReference: {fileID: 0}
    - target: {fileID: 3949020496661798220, guid: f3884b131b679314697e26f4fba96e39,
        type: 3}
      propertyPath: m_LocalEulerAnglesHint.y
      value: 0
      objectReference: {fileID: 0}
    - target: {fileID: 3949020496661798220, guid: f3884b131b679314697e26f4fba96e39,
        type: 3}
      propertyPath: m_LocalEulerAnglesHint.z
      value: 0
      objectReference: {fileID: 0}
    - target: {fileID: 7145429484792902860, guid: f3884b131b679314697e26f4fba96e39,
        type: 3}
      propertyPath: m_IsActive
      value: 0
      objectReference: {fileID: 0}
    - target: {fileID: 1875608460376068927, guid: f3884b131b679314697e26f4fba96e39,
        type: 3}
      propertyPath: m_IsActive
      value: 0
      objectReference: {fileID: 0}
    - target: {fileID: 7501627474471483984, guid: f3884b131b679314697e26f4fba96e39,
        type: 3}
      propertyPath: gamePhaseSequence.Array.size
      value: 5
      objectReference: {fileID: 0}
    - target: {fileID: 7501627474471483984, guid: f3884b131b679314697e26f4fba96e39,
        type: 3}
      propertyPath: gamePhaseSequence.Array.data[0]
      value: 
      objectReference: {fileID: 5620900023836032391}
    - target: {fileID: 7501627474471483984, guid: f3884b131b679314697e26f4fba96e39,
        type: 3}
      propertyPath: gamePhaseSequence.Array.data[1]
      value: 
      objectReference: {fileID: 6425878348116324714}
    - target: {fileID: 7501627474471483984, guid: f3884b131b679314697e26f4fba96e39,
        type: 3}
      propertyPath: gamePhaseSequence.Array.data[2]
      value: 
      objectReference: {fileID: 3716763396242076623}
    - target: {fileID: 7501627474471483984, guid: f3884b131b679314697e26f4fba96e39,
        type: 3}
      propertyPath: gamePhaseSequence.Array.data[3]
      value: 
      objectReference: {fileID: 5780296796341891769}
    - target: {fileID: 7501627474471483984, guid: f3884b131b679314697e26f4fba96e39,
        type: 3}
      propertyPath: gamePhaseSequence.Array.data[4]
      value: 
      objectReference: {fileID: 2393138517852265266}
    - target: {fileID: 7501627474471483984, guid: f3884b131b679314697e26f4fba96e39,
        type: 3}
      propertyPath: gamePhaseSequence.Array.data[5]
      value: 
      objectReference: {fileID: 6053158591641177362}
    - target: {fileID: 7501627474471483984, guid: f3884b131b679314697e26f4fba96e39,
        type: 3}
      propertyPath: gamePhaseSequence.Array.data[6]
      value: 
      objectReference: {fileID: 6654086645000542560}
    - target: {fileID: 7501627474471483984, guid: f3884b131b679314697e26f4fba96e39,
        type: 3}
      propertyPath: gamePhaseSequence.Array.data[7]
      value: 
      objectReference: {fileID: 6840558788683068434}
    - target: {fileID: 7501627474471483984, guid: f3884b131b679314697e26f4fba96e39,
        type: 3}
      propertyPath: meshRoots.Array.data[0]
      value: 
      objectReference: {fileID: 4325415286168202015}
    - target: {fileID: 7501627474471483984, guid: f3884b131b679314697e26f4fba96e39,
        type: 3}
      propertyPath: meshRoots.Array.data[1]
      value: 
      objectReference: {fileID: 275419464832719057}
    - target: {fileID: 7501627474471483984, guid: f3884b131b679314697e26f4fba96e39,
        type: 3}
      propertyPath: meshRoots.Array.data[2]
      value: 
      objectReference: {fileID: 8453438717910687603}
    - target: {fileID: 7501627474471483984, guid: f3884b131b679314697e26f4fba96e39,
        type: 3}
      propertyPath: levelTheme
      value: 0
      objectReference: {fileID: 0}
    - target: {fileID: 8219438606500462487, guid: f3884b131b679314697e26f4fba96e39,
        type: 3}
      propertyPath: swingAnimator
      value: 
      objectReference: {fileID: 505115876312944532}
    - target: {fileID: 8219438606500462487, guid: f3884b131b679314697e26f4fba96e39,
        type: 3}
      propertyPath: dropAnimator
      value: 
      objectReference: {fileID: 4293108631025267565}
    - target: {fileID: 8219438606500462487, guid: f3884b131b679314697e26f4fba96e39,
        type: 3}
      propertyPath: dropContent
      value: 
      objectReference: {fileID: 8453438717910687603}
    - target: {fileID: 8219438606500462487, guid: f3884b131b679314697e26f4fba96e39,
        type: 3}
      propertyPath: axisTransform
      value: 
      objectReference: {fileID: 275419464832719057}
    - target: {fileID: 8219438606500462487, guid: f3884b131b679314697e26f4fba96e39,
        type: 3}
      propertyPath: indicator
      value: 
      objectReference: {fileID: 5005893361042365303}
    - target: {fileID: 5084682665342737561, guid: f3884b131b679314697e26f4fba96e39,
        type: 3}
      propertyPath: bodySmall
      value: 
      objectReference: {fileID: 8453438717912014679}
    - target: {fileID: 5084682665342737561, guid: f3884b131b679314697e26f4fba96e39,
        type: 3}
      propertyPath: bodyBig
      value: 
      objectReference: {fileID: 8453438717912014677}
    - target: {fileID: 5084682665342737561, guid: f3884b131b679314697e26f4fba96e39,
        type: 3}
      propertyPath: colliderSmall
      value: 
      objectReference: {fileID: 8453438717912014675}
    - target: {fileID: 5084682665342737561, guid: f3884b131b679314697e26f4fba96e39,
        type: 3}
      propertyPath: colliderBig
      value: 
      objectReference: {fileID: 8453438717912014673}
    - target: {fileID: 5084682665342737561, guid: f3884b131b679314697e26f4fba96e39,
        type: 3}
      propertyPath: dummy
      value: 
      objectReference: {fileID: 6641650742215913665}
    - target: {fileID: 6877992952678458543, guid: f3884b131b679314697e26f4fba96e39,
        type: 3}
      propertyPath: m_IsActive
      value: 0
      objectReference: {fileID: 0}
    - target: {fileID: 6834296815667952648, guid: f3884b131b679314697e26f4fba96e39,
        type: 3}
      propertyPath: bodySmall
      value: 
      objectReference: {fileID: 275419464833521909}
    - target: {fileID: 6834296815667952648, guid: f3884b131b679314697e26f4fba96e39,
        type: 3}
      propertyPath: bodyBig
      value: 
      objectReference: {fileID: 275419464833521911}
    - target: {fileID: 6834296815667952648, guid: f3884b131b679314697e26f4fba96e39,
        type: 3}
      propertyPath: colliderSmall
      value: 
      objectReference: {fileID: 275419464833521905}
    - target: {fileID: 6834296815667952648, guid: f3884b131b679314697e26f4fba96e39,
        type: 3}
      propertyPath: colliderBig
      value: 
      objectReference: {fileID: 275419464833521907}
    - target: {fileID: 6834296815667952648, guid: f3884b131b679314697e26f4fba96e39,
        type: 3}
      propertyPath: dummy
      value: 
      objectReference: {fileID: 5740209004223571805}
    - target: {fileID: 6685383093944420715, guid: f3884b131b679314697e26f4fba96e39,
        type: 3}
      propertyPath: bodySmall
      value: 
      objectReference: {fileID: 4325415286169529147}
    - target: {fileID: 6685383093944420715, guid: f3884b131b679314697e26f4fba96e39,
        type: 3}
      propertyPath: bodyBig
      value: 
      objectReference: {fileID: 4325415286169529145}
    - target: {fileID: 6685383093944420715, guid: f3884b131b679314697e26f4fba96e39,
        type: 3}
      propertyPath: colliderSmall
      value: 
      objectReference: {fileID: 4325415286169529151}
    - target: {fileID: 6685383093944420715, guid: f3884b131b679314697e26f4fba96e39,
        type: 3}
      propertyPath: colliderBig
      value: 
      objectReference: {fileID: 4325415286169529149}
    - target: {fileID: 6685383093944420715, guid: f3884b131b679314697e26f4fba96e39,
        type: 3}
      propertyPath: dummy
      value: 
      objectReference: {fileID: 7072661227488568614}
    - target: {fileID: 6015295664342839975, guid: f3884b131b679314697e26f4fba96e39,
        type: 3}
      propertyPath: m_IsActive
      value: 0
      objectReference: {fileID: 0}
    - target: {fileID: 5795875830115180475, guid: f3884b131b679314697e26f4fba96e39,
        type: 3}
      propertyPath: m_IsActive
      value: 0
      objectReference: {fileID: 0}
    - target: {fileID: 3152450022808234479, guid: f3884b131b679314697e26f4fba96e39,
        type: 3}
      propertyPath: swingAnimator
      value: 
      objectReference: {fileID: 7931139283966216139}
    - target: {fileID: 3152450022808234479, guid: f3884b131b679314697e26f4fba96e39,
        type: 3}
      propertyPath: dropAnimator
      value: 
      objectReference: {fileID: 6415771721915733783}
    - target: {fileID: 3152450022808234479, guid: f3884b131b679314697e26f4fba96e39,
        type: 3}
      propertyPath: dropContent
      value: 
      objectReference: {fileID: 275419464832719057}
    - target: {fileID: 3152450022808234479, guid: f3884b131b679314697e26f4fba96e39,
        type: 3}
      propertyPath: axisTransform
      value: 
      objectReference: {fileID: 4325415286168202015}
    - target: {fileID: 3152450022808234479, guid: f3884b131b679314697e26f4fba96e39,
        type: 3}
      propertyPath: indicator
      value: 
      objectReference: {fileID: 4639095071731810690}
    - target: {fileID: 7656026840145404797, guid: f3884b131b679314697e26f4fba96e39,
        type: 3}
      propertyPath: morfSteps.Array.data[0].meshFilter
      value: 
      objectReference: {fileID: 4325415286169529137}
    - target: {fileID: 7656026840145404797, guid: f3884b131b679314697e26f4fba96e39,
        type: 3}
      propertyPath: morfSteps.Array.data[1].meshFilter
      value: 
      objectReference: {fileID: 4325415286169529143}
    - target: {fileID: 7366003803232625733, guid: f3884b131b679314697e26f4fba96e39,
        type: 3}
      propertyPath: m_Materials.Array.data[0]
      value: 
      objectReference: {fileID: 2100000, guid: 1dc501c2d5d62c64cb065b9ee6160bee, type: 2}
    - target: {fileID: 7348790502018401039, guid: f3884b131b679314697e26f4fba96e39,
        type: 3}
      propertyPath: morfSteps.Array.data[0].meshFilter
      value: 
      objectReference: {fileID: 8453438717912014685}
    - target: {fileID: 7348790502018401039, guid: f3884b131b679314697e26f4fba96e39,
        type: 3}
      propertyPath: morfSteps.Array.data[1].meshFilter
      value: 
      objectReference: {fileID: 8453438717912014683}
    - target: {fileID: 8620572390682256816, guid: f3884b131b679314697e26f4fba96e39,
        type: 3}
      propertyPath: m_Materials.Array.data[0]
      value: 
      objectReference: {fileID: 2100000, guid: fd2620064d571f147976627c4cfef82c, type: 2}
    - target: {fileID: 8397685369130473167, guid: f3884b131b679314697e26f4fba96e39,
        type: 3}
      propertyPath: phaseRef
      value: 
      objectReference: {fileID: 6840558788683068434}
    - target: {fileID: 5648068643369732958, guid: f3884b131b679314697e26f4fba96e39,
        type: 3}
      propertyPath: morfMeshes.Array.data[0]
      value: 
      objectReference: {fileID: 3268869450153505072}
    - target: {fileID: 5648068643369732958, guid: f3884b131b679314697e26f4fba96e39,
        type: 3}
      propertyPath: morfMeshes.Array.data[1]
      value: 
      objectReference: {fileID: 4244245344316203633}
    - target: {fileID: 5648068643369732958, guid: f3884b131b679314697e26f4fba96e39,
        type: 3}
      propertyPath: phaseCollider
      value: 
      objectReference: {fileID: 8879603028956770444}
    - target: {fileID: 5648068643369732958, guid: f3884b131b679314697e26f4fba96e39,
        type: 3}
      propertyPath: meshRef
      value: 
      objectReference: {fileID: 3571238997106125924}
    - target: {fileID: 5648068643369732958, guid: f3884b131b679314697e26f4fba96e39,
        type: 3}
      propertyPath: icingPhaseRef
      value: 
      objectReference: {fileID: 5780296796341891769}
    - target: {fileID: 5648068643369732958, guid: f3884b131b679314697e26f4fba96e39,
        type: 3}
      propertyPath: defaultTargetFrac
      value: 0.973
      objectReference: {fileID: 0}
    - target: {fileID: 5612956826971964972, guid: f3884b131b679314697e26f4fba96e39,
        type: 3}
      propertyPath: phaseRef
      value: 
      objectReference: {fileID: 6654086645000542560}
    - target: {fileID: 5519613488648794845, guid: f3884b131b679314697e26f4fba96e39,
        type: 3}
      propertyPath: morfSteps.Array.data[0].meshFilter
      value: 
      objectReference: {fileID: 8453438717912014677}
    - target: {fileID: 4758758062988616028, guid: f3884b131b679314697e26f4fba96e39,
        type: 3}
      propertyPath: morfSteps.Array.data[0].meshFilter
      value: 
      objectReference: {fileID: 275419464833521911}
    - target: {fileID: 6684259737612985251, guid: f3884b131b679314697e26f4fba96e39,
        type: 3}
      propertyPath: meshRef
      value: 
      objectReference: {fileID: 3571238997106125924}
    - target: {fileID: 6684259737612985251, guid: f3884b131b679314697e26f4fba96e39,
        type: 3}
      propertyPath: dc
      value: 
      objectReference: {fileID: 4965248117887269251}
    - target: {fileID: 6684259737612985251, guid: f3884b131b679314697e26f4fba96e39,
        type: 3}
      propertyPath: phaseCamTrans
      value: 
      objectReference: {fileID: 7119256778836499801}
    - target: {fileID: 6174801138490176029, guid: f3884b131b679314697e26f4fba96e39,
        type: 3}
      propertyPath: morfSteps.Array.data[0].meshFilter
      value: 
      objectReference: {fileID: 275419464833521919}
    - target: {fileID: 6174801138490176029, guid: f3884b131b679314697e26f4fba96e39,
        type: 3}
      propertyPath: morfSteps.Array.data[1].meshFilter
      value: 
      objectReference: {fileID: 275419464833521913}
    - target: {fileID: 3169898139215641569, guid: f3884b131b679314697e26f4fba96e39,
        type: 3}
      propertyPath: phaseRef
      value: 
      objectReference: {fileID: 5620900023836032391}
    - target: {fileID: 3008809064702336075, guid: f3884b131b679314697e26f4fba96e39,
        type: 3}
      propertyPath: phaseRef
      value: 
      objectReference: {fileID: 2393138517852265266}
    - target: {fileID: 2679020297155532951, guid: f3884b131b679314697e26f4fba96e39,
        type: 3}
      propertyPath: morfSteps.Array.data[0].meshFilter
      value: 
      objectReference: {fileID: 4325415286169529145}
    - target: {fileID: 2402292747467484651, guid: f3884b131b679314697e26f4fba96e39,
        type: 3}
      propertyPath: cols.Array.size
      value: 2
      objectReference: {fileID: 0}
    - target: {fileID: 2402292747467484651, guid: f3884b131b679314697e26f4fba96e39,
        type: 3}
      propertyPath: morfMeshes.Array.data[0]
      value: 
      objectReference: {fileID: 5366620086359853307}
    - target: {fileID: 2402292747467484651, guid: f3884b131b679314697e26f4fba96e39,
        type: 3}
      propertyPath: morfMeshes.Array.data[1]
      value: 
      objectReference: {fileID: 389686256026120977}
    - target: {fileID: 2402292747467484651, guid: f3884b131b679314697e26f4fba96e39,
        type: 3}
      propertyPath: phaseCollider
      value: 
      objectReference: {fileID: 3387047079976093334}
    - target: {fileID: 2402292747467484651, guid: f3884b131b679314697e26f4fba96e39,
        type: 3}
      propertyPath: meshRef
      value: 
      objectReference: {fileID: 3715639893545015559}
    - target: {fileID: 2402292747467484651, guid: f3884b131b679314697e26f4fba96e39,
        type: 3}
      propertyPath: targetChoppedMesh
      value: 
      objectReference: {fileID: 5366620086359853307}
    - target: {fileID: 2402292747467484651, guid: f3884b131b679314697e26f4fba96e39,
        type: 3}
      propertyPath: cols.Array.data[0].g
      value: 0
      objectReference: {fileID: 0}
    - target: {fileID: 2402292747467484651, guid: f3884b131b679314697e26f4fba96e39,
        type: 3}
      propertyPath: cols.Array.data[0].b
      value: 0.55801105
      objectReference: {fileID: 0}
    - target: {fileID: 2402292747467484651, guid: f3884b131b679314697e26f4fba96e39,
        type: 3}
      propertyPath: cols.Array.data[1].r
      value: 1
      objectReference: {fileID: 0}
    - target: {fileID: 2402292747467484651, guid: f3884b131b679314697e26f4fba96e39,
        type: 3}
      propertyPath: cols.Array.data[1].g
      value: 0.7216981
      objectReference: {fileID: 0}
    - target: {fileID: 2402292747467484651, guid: f3884b131b679314697e26f4fba96e39,
        type: 3}
      propertyPath: cols.Array.data[1].b
      value: 0.87699366
      objectReference: {fileID: 0}
    - target: {fileID: 2402292747467484651, guid: f3884b131b679314697e26f4fba96e39,
        type: 3}
      propertyPath: texRef
      value: 
      objectReference: {fileID: 2800000, guid: 563d0dc8e6a1984428727ac74a59376d, type: 3}
    - target: {fileID: 2402292747467484651, guid: f3884b131b679314697e26f4fba96e39,
        type: 3}
      propertyPath: cols.Array.data[0].r
      value: 1
      objectReference: {fileID: 0}
    - target: {fileID: 4566763286073811669, guid: f3884b131b679314697e26f4fba96e39,
        type: 3}
      propertyPath: cols.Array.size
      value: 2
      objectReference: {fileID: 0}
    - target: {fileID: 4566763286073811669, guid: f3884b131b679314697e26f4fba96e39,
        type: 3}
      propertyPath: morfMeshes.Array.data[0]
      value: 
      objectReference: {fileID: 3268869450153505072}
    - target: {fileID: 4566763286073811669, guid: f3884b131b679314697e26f4fba96e39,
        type: 3}
      propertyPath: morfMeshes.Array.data[1]
      value: 
      objectReference: {fileID: 4244245344316203633}
    - target: {fileID: 4566763286073811669, guid: f3884b131b679314697e26f4fba96e39,
        type: 3}
      propertyPath: phaseCollider
      value: 
      objectReference: {fileID: 8879603028956770444}
    - target: {fileID: 4566763286073811669, guid: f3884b131b679314697e26f4fba96e39,
        type: 3}
      propertyPath: meshRef
      value: 
      objectReference: {fileID: 3571238997106125924}
    - target: {fileID: 4566763286073811669, guid: f3884b131b679314697e26f4fba96e39,
        type: 3}
      propertyPath: targetChoppedMesh
      value: 
      objectReference: {fileID: 3268869450153505072}
    - target: {fileID: 4566763286073811669, guid: f3884b131b679314697e26f4fba96e39,
        type: 3}
      propertyPath: cols.Array.data[0].g
      value: 0
      objectReference: {fileID: 0}
    - target: {fileID: 4566763286073811669, guid: f3884b131b679314697e26f4fba96e39,
        type: 3}
      propertyPath: cols.Array.data[0].b
      value: 0.39607844
      objectReference: {fileID: 0}
    - target: {fileID: 4566763286073811669, guid: f3884b131b679314697e26f4fba96e39,
        type: 3}
      propertyPath: cols.Array.data[1].g
      value: 1
      objectReference: {fileID: 0}
    - target: {fileID: 4566763286073811669, guid: f3884b131b679314697e26f4fba96e39,
        type: 3}
      propertyPath: cols.Array.data[1].b
      value: 1
      objectReference: {fileID: 0}
    - target: {fileID: 4566763286073811669, guid: f3884b131b679314697e26f4fba96e39,
        type: 3}
      propertyPath: cols.Array.data[1].r
      value: 1
      objectReference: {fileID: 0}
    - target: {fileID: 4566763286073811669, guid: f3884b131b679314697e26f4fba96e39,
        type: 3}
      propertyPath: cols.Array.data[0].r
      value: 0.70980394
      objectReference: {fileID: 0}
    - target: {fileID: 4566763286073811669, guid: f3884b131b679314697e26f4fba96e39,
        type: 3}
      propertyPath: texRef
      value: 
      objectReference: {fileID: 2800000, guid: 5eeda95a2f775844b9df89c759d68890, type: 3}
    - target: {fileID: 4566763286073811669, guid: f3884b131b679314697e26f4fba96e39,
        type: 3}
      propertyPath: defaultTargetFrac
      value: 0.965
      objectReference: {fileID: 0}
    - target: {fileID: 4566763286073811669, guid: f3884b131b679314697e26f4fba96e39,
        type: 3}
      propertyPath: targetCount
      value: 20694.424
      objectReference: {fileID: 0}
    - target: {fileID: 4275879670291930494, guid: f3884b131b679314697e26f4fba96e39,
        type: 3}
      propertyPath: meshRef
      value: 
      objectReference: {fileID: 3010570303016783093}
    - target: {fileID: 4275879670291930494, guid: f3884b131b679314697e26f4fba96e39,
        type: 3}
      propertyPath: dc
      value: 
      objectReference: {fileID: 2109537929438670843}
    - target: {fileID: 4275879670291930494, guid: f3884b131b679314697e26f4fba96e39,
        type: 3}
      propertyPath: phaseCamTrans
      value: 
      objectReference: {fileID: 7628962327204361745}
    - target: {fileID: 4249820485176126657, guid: f3884b131b679314697e26f4fba96e39,
        type: 3}
      propertyPath: phaseRef
      value: 
      objectReference: {fileID: 6425878348116324714}
    - target: {fileID: 3925612765823639814, guid: f3884b131b679314697e26f4fba96e39,
        type: 3}
      propertyPath: morfMeshes.Array.data[0]
      value: 
      objectReference: {fileID: 5366620086359853307}
    - target: {fileID: 3925612765823639814, guid: f3884b131b679314697e26f4fba96e39,
        type: 3}
      propertyPath: morfMeshes.Array.data[1]
      value: 
      objectReference: {fileID: 389686256026120977}
    - target: {fileID: 3925612765823639814, guid: f3884b131b679314697e26f4fba96e39,
        type: 3}
      propertyPath: phaseCollider
      value: 
      objectReference: {fileID: 3207108041175315337}
    - target: {fileID: 3925612765823639814, guid: f3884b131b679314697e26f4fba96e39,
        type: 3}
      propertyPath: meshRef
      value: 
      objectReference: {fileID: 3715639893545015559}
    - target: {fileID: 3925612765823639814, guid: f3884b131b679314697e26f4fba96e39,
        type: 3}
      propertyPath: icingPhaseRef
      value: 
      objectReference: {fileID: 5620900023836032391}
    - target: {fileID: 3679382349488670988, guid: f3884b131b679314697e26f4fba96e39,
        type: 3}
      propertyPath: morfMeshes.Array.data[0]
      value: 
      objectReference: {fileID: 2580071609942237873}
    - target: {fileID: 3679382349488670988, guid: f3884b131b679314697e26f4fba96e39,
        type: 3}
      propertyPath: morfMeshes.Array.data[1]
      value: 
      objectReference: {fileID: 768985558241416035}
    - target: {fileID: 3679382349488670988, guid: f3884b131b679314697e26f4fba96e39,
        type: 3}
      propertyPath: phaseCollider
      value: 
      objectReference: {fileID: 7376238912212967320}
    - target: {fileID: 3679382349488670988, guid: f3884b131b679314697e26f4fba96e39,
        type: 3}
      propertyPath: meshRef
      value: 
      objectReference: {fileID: 3010570303016783093}
    - target: {fileID: 3679382349488670988, guid: f3884b131b679314697e26f4fba96e39,
        type: 3}
      propertyPath: targetChoppedMesh
      value: 
      objectReference: {fileID: 2580071609942237873}
    - target: {fileID: 3582984818214937726, guid: f3884b131b679314697e26f4fba96e39,
        type: 3}
      propertyPath: morfMeshes.Array.data[0]
      value: 
      objectReference: {fileID: 2580071609942237873}
    - target: {fileID: 3582984818214937726, guid: f3884b131b679314697e26f4fba96e39,
        type: 3}
      propertyPath: morfMeshes.Array.data[1]
      value: 
      objectReference: {fileID: 768985558241416035}
    - target: {fileID: 3582984818214937726, guid: f3884b131b679314697e26f4fba96e39,
        type: 3}
      propertyPath: phaseCollider
      value: 
      objectReference: {fileID: 6061557279760882492}
    - target: {fileID: 3582984818214937726, guid: f3884b131b679314697e26f4fba96e39,
        type: 3}
      propertyPath: meshRef
      value: 
      objectReference: {fileID: 3010570303016783093}
    - target: {fileID: 3582984818214937726, guid: f3884b131b679314697e26f4fba96e39,
        type: 3}
      propertyPath: icingPhaseRef
      value: 
      objectReference: {fileID: 6654086645000542560}
    m_RemovedComponents: []
  m_SourcePrefab: {fileID: 100100000, guid: f3884b131b679314697e26f4fba96e39, type: 3}
--- !u!114 &6425878348116324714 stripped
MonoBehaviour:
  m_CorrespondingSourceObject: {fileID: 3925612765823639814, guid: f3884b131b679314697e26f4fba96e39,
    type: 3}
  m_PrefabInstance: {fileID: 8023121284725526636}
  m_PrefabAsset: {fileID: 0}
  m_GameObject: {fileID: 0}
  m_Enabled: 1
  m_EditorHideFlags: 0
  m_Script: {fileID: 11500000, guid: eb91f602a03574847be10fac2aa8f821, type: 3}
  m_Name: 
  m_EditorClassIdentifier: 
--- !u!114 &3716763396242076623 stripped
MonoBehaviour:
  m_CorrespondingSourceObject: {fileID: 6684259737612985251, guid: f3884b131b679314697e26f4fba96e39,
    type: 3}
  m_PrefabInstance: {fileID: 8023121284725526636}
  m_PrefabAsset: {fileID: 0}
  m_GameObject: {fileID: 0}
  m_Enabled: 1
  m_EditorHideFlags: 0
  m_Script: {fileID: 11500000, guid: 1a287f6837fd33c49b7a8ad70ff88914, type: 3}
  m_Name: 
  m_EditorClassIdentifier: 
--- !u!114 &5780296796341891769 stripped
MonoBehaviour:
  m_CorrespondingSourceObject: {fileID: 4566763286073811669, guid: f3884b131b679314697e26f4fba96e39,
    type: 3}
  m_PrefabInstance: {fileID: 8023121284725526636}
  m_PrefabAsset: {fileID: 0}
  m_GameObject: {fileID: 0}
  m_Enabled: 1
  m_EditorHideFlags: 0
  m_Script: {fileID: 11500000, guid: f11eaef46b5a67f47bbeeb7a4a279418, type: 3}
  m_Name: 
  m_EditorClassIdentifier: 
--- !u!114 &2393138517852265266 stripped
MonoBehaviour:
  m_CorrespondingSourceObject: {fileID: 5648068643369732958, guid: f3884b131b679314697e26f4fba96e39,
    type: 3}
  m_PrefabInstance: {fileID: 8023121284725526636}
  m_PrefabAsset: {fileID: 0}
  m_GameObject: {fileID: 0}
  m_Enabled: 1
  m_EditorHideFlags: 0
  m_Script: {fileID: 11500000, guid: eb91f602a03574847be10fac2aa8f821, type: 3}
  m_Name: 
  m_EditorClassIdentifier: 
--- !u!114 &6053158591641177362 stripped
MonoBehaviour:
  m_CorrespondingSourceObject: {fileID: 4275879670291930494, guid: f3884b131b679314697e26f4fba96e39,
    type: 3}
  m_PrefabInstance: {fileID: 8023121284725526636}
  m_PrefabAsset: {fileID: 0}
  m_GameObject: {fileID: 0}
  m_Enabled: 1
  m_EditorHideFlags: 0
  m_Script: {fileID: 11500000, guid: 1a287f6837fd33c49b7a8ad70ff88914, type: 3}
  m_Name: 
  m_EditorClassIdentifier: 
--- !u!114 &6654086645000542560 stripped
MonoBehaviour:
  m_CorrespondingSourceObject: {fileID: 3679382349488670988, guid: f3884b131b679314697e26f4fba96e39,
    type: 3}
  m_PrefabInstance: {fileID: 8023121284725526636}
  m_PrefabAsset: {fileID: 0}
  m_GameObject: {fileID: 0}
  m_Enabled: 1
  m_EditorHideFlags: 0
  m_Script: {fileID: 11500000, guid: f11eaef46b5a67f47bbeeb7a4a279418, type: 3}
  m_Name: 
  m_EditorClassIdentifier: 
--- !u!114 &6840558788683068434 stripped
MonoBehaviour:
  m_CorrespondingSourceObject: {fileID: 3582984818214937726, guid: f3884b131b679314697e26f4fba96e39,
    type: 3}
  m_PrefabInstance: {fileID: 8023121284725526636}
  m_PrefabAsset: {fileID: 0}
  m_GameObject: {fileID: 0}
  m_Enabled: 1
  m_EditorHideFlags: 0
  m_Script: {fileID: 11500000, guid: eb91f602a03574847be10fac2aa8f821, type: 3}
  m_Name: 
  m_EditorClassIdentifier: 
--- !u!4 &7119256778836499801 stripped
Transform:
  m_CorrespondingSourceObject: {fileID: 980505020152122677, guid: f3884b131b679314697e26f4fba96e39,
    type: 3}
  m_PrefabInstance: {fileID: 8023121284725526636}
  m_PrefabAsset: {fileID: 0}
--- !u!4 &7628962327204361745 stripped
Transform:
  m_CorrespondingSourceObject: {fileID: 470730193089767037, guid: f3884b131b679314697e26f4fba96e39,
    type: 3}
  m_PrefabInstance: {fileID: 8023121284725526636}
  m_PrefabAsset: {fileID: 0}
--- !u!4 &4325415286168202015 stripped
Transform:
  m_CorrespondingSourceObject: {fileID: 6003628182340205427, guid: f3884b131b679314697e26f4fba96e39,
    type: 3}
  m_PrefabInstance: {fileID: 8023121284725526636}
  m_PrefabAsset: {fileID: 0}
--- !u!114 &3715639893545015559 stripped
MonoBehaviour:
  m_CorrespondingSourceObject: {fileID: 6685383093944420715, guid: f3884b131b679314697e26f4fba96e39,
    type: 3}
  m_PrefabInstance: {fileID: 8023121284725526636}
  m_PrefabAsset: {fileID: 0}
  m_GameObject: {fileID: 0}
  m_Enabled: 1
  m_EditorHideFlags: 0
  m_Script: {fileID: 11500000, guid: ea42f196dd78dbf439e30ee921833e84, type: 3}
  m_Name: 
  m_EditorClassIdentifier: 
--- !u!33 &4325415286169529147 stripped
MeshFilter:
  m_CorrespondingSourceObject: {fileID: 6003628182339402583, guid: f3884b131b679314697e26f4fba96e39,
    type: 3}
  m_PrefabInstance: {fileID: 8023121284725526636}
  m_PrefabAsset: {fileID: 0}
--- !u!114 &5366620086359853307 stripped
MonoBehaviour:
  m_CorrespondingSourceObject: {fileID: 2679020297155532951, guid: f3884b131b679314697e26f4fba96e39,
    type: 3}
  m_PrefabInstance: {fileID: 8023121284725526636}
  m_PrefabAsset: {fileID: 0}
  m_GameObject: {fileID: 0}
  m_Enabled: 1
  m_EditorHideFlags: 0
  m_Script: {fileID: 11500000, guid: 8ceecf80742826843afc24ce61e7680c, type: 3}
  m_Name: 
  m_EditorClassIdentifier: 
--- !u!33 &4325415286169529145 stripped
MeshFilter:
  m_CorrespondingSourceObject: {fileID: 6003628182339402581, guid: f3884b131b679314697e26f4fba96e39,
    type: 3}
  m_PrefabInstance: {fileID: 8023121284725526636}
  m_PrefabAsset: {fileID: 0}
--- !u!33 &4325415286169529151 stripped
MeshFilter:
  m_CorrespondingSourceObject: {fileID: 6003628182339402579, guid: f3884b131b679314697e26f4fba96e39,
    type: 3}
  m_PrefabInstance: {fileID: 8023121284725526636}
  m_PrefabAsset: {fileID: 0}
--- !u!64 &3387047079976093334 stripped
MeshCollider:
  m_CorrespondingSourceObject: {fileID: 4636155732961466106, guid: f3884b131b679314697e26f4fba96e39,
    type: 3}
  m_PrefabInstance: {fileID: 8023121284725526636}
  m_PrefabAsset: {fileID: 0}
--- !u!33 &4325415286169529149 stripped
MeshFilter:
  m_CorrespondingSourceObject: {fileID: 6003628182339402577, guid: f3884b131b679314697e26f4fba96e39,
    type: 3}
  m_PrefabInstance: {fileID: 8023121284725526636}
  m_PrefabAsset: {fileID: 0}
--- !u!64 &3207108041175315337 stripped
MeshCollider:
  m_CorrespondingSourceObject: {fileID: 4888153310961165285, guid: f3884b131b679314697e26f4fba96e39,
    type: 3}
  m_PrefabInstance: {fileID: 8023121284725526636}
  m_PrefabAsset: {fileID: 0}
--- !u!114 &389686256026120977 stripped
MonoBehaviour:
  m_CorrespondingSourceObject: {fileID: 7656026840145404797, guid: f3884b131b679314697e26f4fba96e39,
    type: 3}
  m_PrefabInstance: {fileID: 8023121284725526636}
  m_PrefabAsset: {fileID: 0}
  m_GameObject: {fileID: 0}
  m_Enabled: 1
  m_EditorHideFlags: 0
  m_Script: {fileID: 11500000, guid: 8ceecf80742826843afc24ce61e7680c, type: 3}
  m_Name: 
  m_EditorClassIdentifier: 
--- !u!33 &4325415286169529137 stripped
MeshFilter:
  m_CorrespondingSourceObject: {fileID: 6003628182339402589, guid: f3884b131b679314697e26f4fba96e39,
    type: 3}
  m_PrefabInstance: {fileID: 8023121284725526636}
  m_PrefabAsset: {fileID: 0}
--- !u!33 &4325415286169529143 stripped
MeshFilter:
  m_CorrespondingSourceObject: {fileID: 6003628182339402587, guid: f3884b131b679314697e26f4fba96e39,
    type: 3}
  m_PrefabInstance: {fileID: 8023121284725526636}
  m_PrefabAsset: {fileID: 0}
--- !u!1 &7072661227488568614 stripped
GameObject:
  m_CorrespondingSourceObject: {fileID: 968548407567365450, guid: f3884b131b679314697e26f4fba96e39,
    type: 3}
  m_PrefabInstance: {fileID: 8023121284725526636}
  m_PrefabAsset: {fileID: 0}
--- !u!4 &275419464832719057 stripped
Transform:
  m_CorrespondingSourceObject: {fileID: 7819839704050026685, guid: f3884b131b679314697e26f4fba96e39,
    type: 3}
  m_PrefabInstance: {fileID: 8023121284725526636}
  m_PrefabAsset: {fileID: 0}
--- !u!114 &3571238997106125924 stripped
MonoBehaviour:
  m_CorrespondingSourceObject: {fileID: 6834296815667952648, guid: f3884b131b679314697e26f4fba96e39,
    type: 3}
  m_PrefabInstance: {fileID: 8023121284725526636}
  m_PrefabAsset: {fileID: 0}
  m_GameObject: {fileID: 0}
  m_Enabled: 1
  m_EditorHideFlags: 0
  m_Script: {fileID: 11500000, guid: ea42f196dd78dbf439e30ee921833e84, type: 3}
  m_Name: 
  m_EditorClassIdentifier: 
--- !u!33 &275419464833521909 stripped
MeshFilter:
  m_CorrespondingSourceObject: {fileID: 7819839704048699545, guid: f3884b131b679314697e26f4fba96e39,
    type: 3}
  m_PrefabInstance: {fileID: 8023121284725526636}
  m_PrefabAsset: {fileID: 0}
--- !u!114 &3268869450153505072 stripped
MonoBehaviour:
  m_CorrespondingSourceObject: {fileID: 4758758062988616028, guid: f3884b131b679314697e26f4fba96e39,
    type: 3}
  m_PrefabInstance: {fileID: 8023121284725526636}
  m_PrefabAsset: {fileID: 0}
  m_GameObject: {fileID: 0}
  m_Enabled: 1
  m_EditorHideFlags: 0
  m_Script: {fileID: 11500000, guid: 8ceecf80742826843afc24ce61e7680c, type: 3}
  m_Name: 
  m_EditorClassIdentifier: 
--- !u!33 &275419464833521911 stripped
MeshFilter:
  m_CorrespondingSourceObject: {fileID: 7819839704048699547, guid: f3884b131b679314697e26f4fba96e39,
    type: 3}
  m_PrefabInstance: {fileID: 8023121284725526636}
  m_PrefabAsset: {fileID: 0}
--- !u!33 &275419464833521905 stripped
MeshFilter:
  m_CorrespondingSourceObject: {fileID: 7819839704048699549, guid: f3884b131b679314697e26f4fba96e39,
    type: 3}
  m_PrefabInstance: {fileID: 8023121284725526636}
  m_PrefabAsset: {fileID: 0}
--- !u!33 &275419464833521907 stripped
MeshFilter:
  m_CorrespondingSourceObject: {fileID: 7819839704048699551, guid: f3884b131b679314697e26f4fba96e39,
    type: 3}
  m_PrefabInstance: {fileID: 8023121284725526636}
  m_PrefabAsset: {fileID: 0}
--- !u!64 &8879603028956770444 stripped
MeshCollider:
  m_CorrespondingSourceObject: {fileID: 1471962001705246944, guid: f3884b131b679314697e26f4fba96e39,
    type: 3}
  m_PrefabInstance: {fileID: 8023121284725526636}
  m_PrefabAsset: {fileID: 0}
--- !u!114 &4244245344316203633 stripped
MonoBehaviour:
  m_CorrespondingSourceObject: {fileID: 6174801138490176029, guid: f3884b131b679314697e26f4fba96e39,
    type: 3}
  m_PrefabInstance: {fileID: 8023121284725526636}
  m_PrefabAsset: {fileID: 0}
  m_GameObject: {fileID: 0}
  m_Enabled: 1
  m_EditorHideFlags: 0
  m_Script: {fileID: 11500000, guid: 8ceecf80742826843afc24ce61e7680c, type: 3}
  m_Name: 
  m_EditorClassIdentifier: 
--- !u!33 &275419464833521919 stripped
MeshFilter:
  m_CorrespondingSourceObject: {fileID: 7819839704048699539, guid: f3884b131b679314697e26f4fba96e39,
    type: 3}
  m_PrefabInstance: {fileID: 8023121284725526636}
  m_PrefabAsset: {fileID: 0}
--- !u!33 &275419464833521913 stripped
MeshFilter:
  m_CorrespondingSourceObject: {fileID: 7819839704048699541, guid: f3884b131b679314697e26f4fba96e39,
    type: 3}
  m_PrefabInstance: {fileID: 8023121284725526636}
  m_PrefabAsset: {fileID: 0}
--- !u!1 &5740209004223571805 stripped
GameObject:
  m_CorrespondingSourceObject: {fileID: 2377491456023492401, guid: f3884b131b679314697e26f4fba96e39,
    type: 3}
  m_PrefabInstance: {fileID: 8023121284725526636}
  m_PrefabAsset: {fileID: 0}
--- !u!4 &8453438717910687603 stripped
Transform:
  m_CorrespondingSourceObject: {fileID: 1875608460375707423, guid: f3884b131b679314697e26f4fba96e39,
    type: 3}
  m_PrefabInstance: {fileID: 8023121284725526636}
  m_PrefabAsset: {fileID: 0}
--- !u!114 &3010570303016783093 stripped
MonoBehaviour:
  m_CorrespondingSourceObject: {fileID: 5084682665342737561, guid: f3884b131b679314697e26f4fba96e39,
    type: 3}
  m_PrefabInstance: {fileID: 8023121284725526636}
  m_PrefabAsset: {fileID: 0}
  m_GameObject: {fileID: 0}
  m_Enabled: 1
  m_EditorHideFlags: 0
  m_Script: {fileID: 11500000, guid: ea42f196dd78dbf439e30ee921833e84, type: 3}
  m_Name: 
  m_EditorClassIdentifier: 
--- !u!33 &8453438717912014679 stripped
MeshFilter:
  m_CorrespondingSourceObject: {fileID: 1875608460374904635, guid: f3884b131b679314697e26f4fba96e39,
    type: 3}
  m_PrefabInstance: {fileID: 8023121284725526636}
  m_PrefabAsset: {fileID: 0}
--- !u!114 &2580071609942237873 stripped
MonoBehaviour:
  m_CorrespondingSourceObject: {fileID: 5519613488648794845, guid: f3884b131b679314697e26f4fba96e39,
    type: 3}
  m_PrefabInstance: {fileID: 8023121284725526636}
  m_PrefabAsset: {fileID: 0}
  m_GameObject: {fileID: 0}
  m_Enabled: 1
  m_EditorHideFlags: 0
  m_Script: {fileID: 11500000, guid: 8ceecf80742826843afc24ce61e7680c, type: 3}
  m_Name: 
  m_EditorClassIdentifier: 
--- !u!33 &8453438717912014677 stripped
MeshFilter:
  m_CorrespondingSourceObject: {fileID: 1875608460374904633, guid: f3884b131b679314697e26f4fba96e39,
    type: 3}
  m_PrefabInstance: {fileID: 8023121284725526636}
  m_PrefabAsset: {fileID: 0}
--- !u!33 &8453438717912014675 stripped
MeshFilter:
  m_CorrespondingSourceObject: {fileID: 1875608460374904639, guid: f3884b131b679314697e26f4fba96e39,
    type: 3}
  m_PrefabInstance: {fileID: 8023121284725526636}
  m_PrefabAsset: {fileID: 0}
--- !u!64 &7376238912212967320 stripped
MeshCollider:
  m_CorrespondingSourceObject: {fileID: 651456763134922740, guid: f3884b131b679314697e26f4fba96e39,
    type: 3}
  m_PrefabInstance: {fileID: 8023121284725526636}
  m_PrefabAsset: {fileID: 0}
--- !u!114 &5620900023836032391 stripped
MonoBehaviour:
  m_CorrespondingSourceObject: {fileID: 2402292747467484651, guid: f3884b131b679314697e26f4fba96e39,
    type: 3}
  m_PrefabInstance: {fileID: 8023121284725526636}
  m_PrefabAsset: {fileID: 0}
  m_GameObject: {fileID: 0}
  m_Enabled: 1
  m_EditorHideFlags: 0
  m_Script: {fileID: 11500000, guid: f11eaef46b5a67f47bbeeb7a4a279418, type: 3}
  m_Name: 
  m_EditorClassIdentifier: 
--- !u!64 &6061557279760882492 stripped
MeshCollider:
  m_CorrespondingSourceObject: {fileID: 4271981413389323088, guid: f3884b131b679314697e26f4fba96e39,
    type: 3}
  m_PrefabInstance: {fileID: 8023121284725526636}
  m_PrefabAsset: {fileID: 0}
--- !u!114 &768985558241416035 stripped
MonoBehaviour:
  m_CorrespondingSourceObject: {fileID: 7348790502018401039, guid: f3884b131b679314697e26f4fba96e39,
    type: 3}
  m_PrefabInstance: {fileID: 8023121284725526636}
  m_PrefabAsset: {fileID: 0}
  m_GameObject: {fileID: 0}
  m_Enabled: 1
  m_EditorHideFlags: 0
  m_Script: {fileID: 11500000, guid: 8ceecf80742826843afc24ce61e7680c, type: 3}
  m_Name: 
  m_EditorClassIdentifier: 
--- !u!33 &8453438717912014685 stripped
MeshFilter:
  m_CorrespondingSourceObject: {fileID: 1875608460374904625, guid: f3884b131b679314697e26f4fba96e39,
    type: 3}
  m_PrefabInstance: {fileID: 8023121284725526636}
  m_PrefabAsset: {fileID: 0}
--- !u!33 &8453438717912014683 stripped
MeshFilter:
  m_CorrespondingSourceObject: {fileID: 1875608460374904631, guid: f3884b131b679314697e26f4fba96e39,
    type: 3}
  m_PrefabInstance: {fileID: 8023121284725526636}
  m_PrefabAsset: {fileID: 0}
--- !u!1 &6641650742215913665 stripped
GameObject:
  m_CorrespondingSourceObject: {fileID: 3709902203483185325, guid: f3884b131b679314697e26f4fba96e39,
    type: 3}
  m_PrefabInstance: {fileID: 8023121284725526636}
  m_PrefabAsset: {fileID: 0}
--- !u!95 &6415771721915733783 stripped
Animator:
  m_CorrespondingSourceObject: {fileID: 3917775637405255547, guid: f3884b131b679314697e26f4fba96e39,
    type: 3}
  m_PrefabInstance: {fileID: 8023121284725526636}
  m_PrefabAsset: {fileID: 0}
--- !u!33 &8453438717912014673 stripped
MeshFilter:
  m_CorrespondingSourceObject: {fileID: 1875608460374904637, guid: f3884b131b679314697e26f4fba96e39,
    type: 3}
  m_PrefabInstance: {fileID: 8023121284725526636}
  m_PrefabAsset: {fileID: 0}
--- !u!95 &7931139283966216139 stripped
Animator:
  m_CorrespondingSourceObject: {fileID: 91984475734611879, guid: f3884b131b679314697e26f4fba96e39,
    type: 3}
  m_PrefabInstance: {fileID: 8023121284725526636}
  m_PrefabAsset: {fileID: 0}
--- !u!212 &4639095071731810690 stripped
SpriteRenderer:
  m_CorrespondingSourceObject: {fileID: 3402111280896004590, guid: f3884b131b679314697e26f4fba96e39,
    type: 3}
  m_PrefabInstance: {fileID: 8023121284725526636}
  m_PrefabAsset: {fileID: 0}
--- !u!95 &4293108631025267565 stripped
Animator:
  m_CorrespondingSourceObject: {fileID: 6107995728982598401, guid: f3884b131b679314697e26f4fba96e39,
    type: 3}
  m_PrefabInstance: {fileID: 8023121284725526636}
  m_PrefabAsset: {fileID: 0}
--- !u!114 &2109537929438670843 stripped
MonoBehaviour:
  m_CorrespondingSourceObject: {fileID: 8219438606500462487, guid: f3884b131b679314697e26f4fba96e39,
    type: 3}
  m_PrefabInstance: {fileID: 8023121284725526636}
  m_PrefabAsset: {fileID: 0}
  m_GameObject: {fileID: 0}
  m_Enabled: 1
  m_EditorHideFlags: 0
  m_Script: {fileID: 11500000, guid: a39e77a3cda3ef049b37b0ac3fce2cae, type: 3}
  m_Name: 
  m_EditorClassIdentifier: 
--- !u!95 &505115876312944532 stripped
Animator:
  m_CorrespondingSourceObject: {fileID: 7518005838246305784, guid: f3884b131b679314697e26f4fba96e39,
    type: 3}
  m_PrefabInstance: {fileID: 8023121284725526636}
  m_PrefabAsset: {fileID: 0}
--- !u!212 &5005893361042365303 stripped
SpriteRenderer:
  m_CorrespondingSourceObject: {fileID: 3039748541751380763, guid: f3884b131b679314697e26f4fba96e39,
    type: 3}
  m_PrefabInstance: {fileID: 8023121284725526636}
  m_PrefabAsset: {fileID: 0}
--- !u!114 &4965248117887269251 stripped
MonoBehaviour:
  m_CorrespondingSourceObject: {fileID: 3152450022808234479, guid: f3884b131b679314697e26f4fba96e39,
    type: 3}
  m_PrefabInstance: {fileID: 8023121284725526636}
  m_PrefabAsset: {fileID: 0}
  m_GameObject: {fileID: 0}
  m_Enabled: 1
  m_EditorHideFlags: 0
  m_Script: {fileID: 11500000, guid: a39e77a3cda3ef049b37b0ac3fce2cae, type: 3}
  m_Name: 
  m_EditorClassIdentifier: 
