%YAML 1.1
%TAG !u! tag:unity3d.com,2011:
--- !u!1 &4268244545659687955
GameObject:
  m_ObjectHideFlags: 0
  m_CorrespondingSourceObject: {fileID: 0}
  m_PrefabInstance: {fileID: 0}
  m_PrefabAsset: {fileID: 0}
  serializedVersion: 6
  m_Component:
  - component: {fileID: 3991847122368852894}
  - component: {fileID: 8171850657179102521}
  m_Layer: 0
  m_Name: RNS_D01
  m_TagString: Untagged
  m_Icon: {fileID: 0}
  m_NavMeshLayer: 0
  m_StaticEditorFlags: 0
  m_IsActive: 1
--- !u!4 &3991847122368852894
Transform:
  m_ObjectHideFlags: 0
  m_CorrespondingSourceObject: {fileID: 0}
  m_PrefabInstance: {fileID: 0}
  m_PrefabAsset: {fileID: 0}
  m_GameObject: {fileID: 4268244545659687955}
  m_LocalRotation: {x: 0, y: 0, z: 0, w: 1}
  m_LocalPosition: {x: 0, y: 0, z: 0}
  m_LocalScale: {x: 1, y: 1, z: 1}
  m_Children:
  - {fileID: 6615194071389597952}
  m_Father: {fileID: 0}
  m_RootOrder: 0
  m_LocalEulerAnglesHint: {x: 0, y: 0, z: 0}
--- !u!114 &8171850657179102521
MonoBehaviour:
  m_ObjectHideFlags: 0
  m_CorrespondingSourceObject: {fileID: 0}
  m_PrefabInstance: {fileID: 0}
  m_PrefabAsset: {fileID: 0}
  m_GameObject: {fileID: 4268244545659687955}
  m_Enabled: 1
  m_EditorHideFlags: 0
  m_Script: {fileID: 11500000, guid: 3f83e86cdb370744492e5cfcbec659e8, type: 3}
  m_Name: 
  m_EditorClassIdentifier: 
  variant: a
  baseAnimationFallHeight: 5
  basicAnimatationItems:
  - tr: {fileID: 6615194071389597956}
    delay: 0
    animateTime: 1
  - tr: {fileID: 6615194071389597958}
    delay: 0.25
    animateTime: 1
  - tr: {fileID: 6615194071389597954}
    delay: 0.5
    animateTime: 1
  - tr: {fileID: 6615194071389597960}
    delay: 0.5
    animateTime: 2
--- !u!1001 &6615194071389727618
PrefabInstance:
  m_ObjectHideFlags: 0
  serializedVersion: 2
  m_Modification:
    m_TransformParent: {fileID: 3991847122368852894}
    m_Modifications:
    - target: {fileID: 100002, guid: 97cf8d8bd0aee30458a7828f4c0721f2, type: 3}
      propertyPath: m_Name
      value: CakeRound02Cricket
      objectReference: {fileID: 0}
    - target: {fileID: 100004, guid: 97cf8d8bd0aee30458a7828f4c0721f2, type: 3}
      propertyPath: m_Name
      value: ball
      objectReference: {fileID: 0}
    - target: {fileID: 100006, guid: 97cf8d8bd0aee30458a7828f4c0721f2, type: 3}
      propertyPath: m_Name
      value: stamp
      objectReference: {fileID: 0}
    - target: {fileID: 100008, guid: 97cf8d8bd0aee30458a7828f4c0721f2, type: 3}
      propertyPath: m_IsActive
      value: 0
      objectReference: {fileID: 0}
    - target: {fileID: 100008, guid: 97cf8d8bd0aee30458a7828f4c0721f2, type: 3}
      propertyPath: m_Name
      value: 50
      objectReference: {fileID: 0}
    - target: {fileID: 100010, guid: 97cf8d8bd0aee30458a7828f4c0721f2, type: 3}
      propertyPath: m_Name
      value: 100
      objectReference: {fileID: 0}
    - target: {fileID: 400002, guid: 97cf8d8bd0aee30458a7828f4c0721f2, type: 3}
      propertyPath: m_LocalPosition.x
      value: -0
      objectReference: {fileID: 0}
    - target: {fileID: 400002, guid: 97cf8d8bd0aee30458a7828f4c0721f2, type: 3}
      propertyPath: m_LocalPosition.y
      value: -0.09
      objectReference: {fileID: 0}
    - target: {fileID: 400002, guid: 97cf8d8bd0aee30458a7828f4c0721f2, type: 3}
      propertyPath: m_LocalPosition.z
      value: 0
      objectReference: {fileID: 0}
    - target: {fileID: 400002, guid: 97cf8d8bd0aee30458a7828f4c0721f2, type: 3}
      propertyPath: m_LocalRotation.x
      value: 0
      objectReference: {fileID: 0}
    - target: {fileID: 400002, guid: 97cf8d8bd0aee30458a7828f4c0721f2, type: 3}
      propertyPath: m_LocalRotation.y
      value: -0
      objectReference: {fileID: 0}
    - target: {fileID: 400002, guid: 97cf8d8bd0aee30458a7828f4c0721f2, type: 3}
      propertyPath: m_LocalRotation.z
      value: -0
      objectReference: {fileID: 0}
    - target: {fileID: 400002, guid: 97cf8d8bd0aee30458a7828f4c0721f2, type: 3}
      propertyPath: m_LocalRotation.w
      value: 1
      objectReference: {fileID: 0}
    - target: {fileID: 400002, guid: 97cf8d8bd0aee30458a7828f4c0721f2, type: 3}
      propertyPath: m_RootOrder
      value: 0
      objectReference: {fileID: 0}
    - target: {fileID: 400002, guid: 97cf8d8bd0aee30458a7828f4c0721f2, type: 3}
      propertyPath: m_LocalEulerAnglesHint.x
      value: 0
      objectReference: {fileID: 0}
    - target: {fileID: 400002, guid: 97cf8d8bd0aee30458a7828f4c0721f2, type: 3}
      propertyPath: m_LocalEulerAnglesHint.y
      value: 0
      objectReference: {fileID: 0}
    - target: {fileID: 400002, guid: 97cf8d8bd0aee30458a7828f4c0721f2, type: 3}
      propertyPath: m_LocalEulerAnglesHint.z
      value: 0
      objectReference: {fileID: 0}
    m_RemovedComponents: []
  m_SourcePrefab: {fileID: 100100000, guid: 97cf8d8bd0aee30458a7828f4c0721f2, type: 3}
--- !u!4 &6615194071389597952 stripped
Transform:
  m_CorrespondingSourceObject: {fileID: 400002, guid: 97cf8d8bd0aee30458a7828f4c0721f2,
    type: 3}
  m_PrefabInstance: {fileID: 6615194071389727618}
  m_PrefabAsset: {fileID: 0}
--- !u!4 &6615194071389597954 stripped
Transform:
  m_CorrespondingSourceObject: {fileID: 400000, guid: 97cf8d8bd0aee30458a7828f4c0721f2,
    type: 3}
  m_PrefabInstance: {fileID: 6615194071389727618}
  m_PrefabAsset: {fileID: 0}
--- !u!4 &6615194071389597960 stripped
Transform:
  m_CorrespondingSourceObject: {fileID: 400010, guid: 97cf8d8bd0aee30458a7828f4c0721f2,
    type: 3}
  m_PrefabInstance: {fileID: 6615194071389727618}
  m_PrefabAsset: {fileID: 0}
--- !u!4 &6615194071389597958 stripped
Transform:
  m_CorrespondingSourceObject: {fileID: 400004, guid: 97cf8d8bd0aee30458a7828f4c0721f2,
    type: 3}
  m_PrefabInstance: {fileID: 6615194071389727618}
  m_PrefabAsset: {fileID: 0}
--- !u!4 &6615194071389597956 stripped
Transform:
  m_CorrespondingSourceObject: {fileID: 400006, guid: 97cf8d8bd0aee30458a7828f4c0721f2,
    type: 3}
  m_PrefabInstance: {fileID: 6615194071389727618}
  m_PrefabAsset: {fileID: 0}
