%YAML 1.1
%TAG !u! tag:unity3d.com,2011:
--- !u!1 &4268244545659687955
GameObject:
  m_ObjectHideFlags: 0
  m_CorrespondingSourceObject: {fileID: 0}
  m_PrefabInstance: {fileID: 0}
  m_PrefabAsset: {fileID: 0}
  serializedVersion: 6
  m_Component:
  - component: {fileID: 3991847122368852894}
  - component: {fileID: 8171850657179102521}
  m_Layer: 0
  m_Name: D04
  m_TagString: Untagged
  m_Icon: {fileID: 0}
  m_NavMeshLayer: 0
  m_StaticEditorFlags: 0
  m_IsActive: 1
--- !u!4 &3991847122368852894
Transform:
  m_ObjectHideFlags: 0
  m_CorrespondingSourceObject: {fileID: 0}
  m_PrefabInstance: {fileID: 0}
  m_PrefabAsset: {fileID: 0}
  m_GameObject: {fileID: 4268244545659687955}
  m_LocalRotation: {x: 0, y: 0, z: 0, w: 1}
  m_LocalPosition: {x: 0, y: 0, z: 0}
  m_LocalScale: {x: 1, y: 1, z: 1}
  m_Children:
  - {fileID: 127571436563782925}
  m_Father: {fileID: 0}
  m_RootOrder: 0
  m_LocalEulerAnglesHint: {x: 0, y: 0, z: 0}
--- !u!114 &8171850657179102521
MonoBehaviour:
  m_ObjectHideFlags: 0
  m_CorrespondingSourceObject: {fileID: 0}
  m_PrefabInstance: {fileID: 0}
  m_PrefabAsset: {fileID: 0}
  m_GameObject: {fileID: 4268244545659687955}
  m_Enabled: 1
  m_EditorHideFlags: 0
  m_Script: {fileID: 11500000, guid: 3f83e86cdb370744492e5cfcbec659e8, type: 3}
  m_Name: 
  m_EditorClassIdentifier: 
  variant: a
  baseAnimationFallHeight: 5
  basicAnimatationItems:
  - tr: {fileID: 127571436563782927}
    delay: 0
    animateTime: 1
  - tr: {fileID: 127571436563782921}
    delay: 0.25
    animateTime: 1
  - tr: {fileID: 127571436563782923}
    delay: 0.5
    animateTime: 1
  - tr: {fileID: 127571436563782915}
    delay: 0.75
    animateTime: 1
--- !u!1001 &127571436563384203
PrefabInstance:
  m_ObjectHideFlags: 0
  serializedVersion: 2
  m_Modification:
    m_TransformParent: {fileID: 3991847122368852894}
    m_Modifications:
    - target: {fileID: 100006, guid: 39a580c331a5f6447860f99884857e98, type: 3}
      propertyPath: m_Name
      value: round2_BestWishes_decoration
      objectReference: {fileID: 0}
    - target: {fileID: 400006, guid: 39a580c331a5f6447860f99884857e98, type: 3}
      propertyPath: m_LocalPosition.x
      value: 0
      objectReference: {fileID: 0}
    - target: {fileID: 400006, guid: 39a580c331a5f6447860f99884857e98, type: 3}
      propertyPath: m_LocalPosition.y
      value: -0.09
      objectReference: {fileID: 0}
    - target: {fileID: 400006, guid: 39a580c331a5f6447860f99884857e98, type: 3}
      propertyPath: m_LocalPosition.z
      value: 0
      objectReference: {fileID: 0}
    - target: {fileID: 400006, guid: 39a580c331a5f6447860f99884857e98, type: 3}
      propertyPath: m_LocalRotation.x
      value: 0
      objectReference: {fileID: 0}
    - target: {fileID: 400006, guid: 39a580c331a5f6447860f99884857e98, type: 3}
      propertyPath: m_LocalRotation.y
      value: 0
      objectReference: {fileID: 0}
    - target: {fileID: 400006, guid: 39a580c331a5f6447860f99884857e98, type: 3}
      propertyPath: m_LocalRotation.z
      value: 0
      objectReference: {fileID: 0}
    - target: {fileID: 400006, guid: 39a580c331a5f6447860f99884857e98, type: 3}
      propertyPath: m_LocalRotation.w
      value: 1
      objectReference: {fileID: 0}
    - target: {fileID: 400006, guid: 39a580c331a5f6447860f99884857e98, type: 3}
      propertyPath: m_RootOrder
      value: 0
      objectReference: {fileID: 0}
    - target: {fileID: 400006, guid: 39a580c331a5f6447860f99884857e98, type: 3}
      propertyPath: m_LocalEulerAnglesHint.x
      value: 0
      objectReference: {fileID: 0}
    - target: {fileID: 400006, guid: 39a580c331a5f6447860f99884857e98, type: 3}
      propertyPath: m_LocalEulerAnglesHint.y
      value: 0
      objectReference: {fileID: 0}
    - target: {fileID: 400006, guid: 39a580c331a5f6447860f99884857e98, type: 3}
      propertyPath: m_LocalEulerAnglesHint.z
      value: 0
      objectReference: {fileID: 0}
    - target: {fileID: 2300000, guid: 39a580c331a5f6447860f99884857e98, type: 3}
      propertyPath: m_Materials.Array.data[1]
      value: 
      objectReference: {fileID: 2100000, guid: 52d9eed4882b91047b3a11eb5cfd9ca3, type: 2}
    - target: {fileID: 2300006, guid: 39a580c331a5f6447860f99884857e98, type: 3}
      propertyPath: m_Materials.Array.data[1]
      value: 
      objectReference: {fileID: 2100000, guid: 50e9e875b326caa4ca9752c206d50562, type: 2}
    m_RemovedComponents: []
  m_SourcePrefab: {fileID: 100100000, guid: 39a580c331a5f6447860f99884857e98, type: 3}
--- !u!4 &127571436563782925 stripped
Transform:
  m_CorrespondingSourceObject: {fileID: 400006, guid: 39a580c331a5f6447860f99884857e98,
    type: 3}
  m_PrefabInstance: {fileID: 127571436563384203}
  m_PrefabAsset: {fileID: 0}
--- !u!4 &127571436563782923 stripped
Transform:
  m_CorrespondingSourceObject: {fileID: 400000, guid: 39a580c331a5f6447860f99884857e98,
    type: 3}
  m_PrefabInstance: {fileID: 127571436563384203}
  m_PrefabAsset: {fileID: 0}
--- !u!4 &127571436563782921 stripped
Transform:
  m_CorrespondingSourceObject: {fileID: 400002, guid: 39a580c331a5f6447860f99884857e98,
    type: 3}
  m_PrefabInstance: {fileID: 127571436563384203}
  m_PrefabAsset: {fileID: 0}
--- !u!4 &127571436563782927 stripped
Transform:
  m_CorrespondingSourceObject: {fileID: 400004, guid: 39a580c331a5f6447860f99884857e98,
    type: 3}
  m_PrefabInstance: {fileID: 127571436563384203}
  m_PrefabAsset: {fileID: 0}
--- !u!4 &127571436563782915 stripped
Transform:
  m_CorrespondingSourceObject: {fileID: 400008, guid: 39a580c331a5f6447860f99884857e98,
    type: 3}
  m_PrefabInstance: {fileID: 127571436563384203}
  m_PrefabAsset: {fileID: 0}
