%YAML 1.1
%TAG !u! tag:unity3d.com,2011:
--- !u!1 &4268244545659687955
GameObject:
  m_ObjectHideFlags: 0
  m_CorrespondingSourceObject: {fileID: 0}
  m_PrefabInstance: {fileID: 0}
  m_PrefabAsset: {fileID: 0}
  serializedVersion: 6
  m_Component:
  - component: {fileID: 3991847122368852894}
  - component: {fileID: 8171850657179102521}
  m_Layer: 0
  m_Name: E02
  m_TagString: Untagged
  m_Icon: {fileID: 0}
  m_NavMeshLayer: 0
  m_StaticEditorFlags: 0
  m_IsActive: 1
--- !u!4 &3991847122368852894
Transform:
  m_ObjectHideFlags: 0
  m_CorrespondingSourceObject: {fileID: 0}
  m_PrefabInstance: {fileID: 0}
  m_PrefabAsset: {fileID: 0}
  m_GameObject: {fileID: 4268244545659687955}
  m_LocalRotation: {x: 0, y: 0, z: 0, w: 1}
  m_LocalPosition: {x: 0, y: 0, z: 0}
  m_LocalScale: {x: 1, y: 1, z: 1}
  m_Children:
  - {fileID: 7109208761473699823}
  m_Father: {fileID: 0}
  m_RootOrder: 0
  m_LocalEulerAnglesHint: {x: 0, y: 0, z: 0}
--- !u!114 &8171850657179102521
MonoBehaviour:
  m_ObjectHideFlags: 0
  m_CorrespondingSourceObject: {fileID: 0}
  m_PrefabInstance: {fileID: 0}
  m_PrefabAsset: {fileID: 0}
  m_GameObject: {fileID: 4268244545659687955}
  m_Enabled: 1
  m_EditorHideFlags: 0
  m_Script: {fileID: 11500000, guid: 3f83e86cdb370744492e5cfcbec659e8, type: 3}
  m_Name: 
  m_EditorClassIdentifier: 
  variant: a
  baseAnimationFallHeight: 5
  basicAnimatationItems:
  - tr: {fileID: 7109208761473699819}
    delay: 0
    animateTime: 1
  - tr: {fileID: 7109208761473699809}
    delay: 0.25
    animateTime: 1
  - tr: {fileID: 7109208761473699811}
    delay: 0.35
    animateTime: 1
  - tr: {fileID: 7109208761473699813}
    delay: 0.35
    animateTime: 1
  - tr: {fileID: 7109208761473699817}
    delay: 0.5
    animateTime: 1
  - tr: {fileID: 7109208761473699821}
    delay: 0.65
    animateTime: 1
  - tr: {fileID: 7109208761473699815}
    delay: 0.8
    animateTime: 1
--- !u!1001 &7109208761473570159
PrefabInstance:
  m_ObjectHideFlags: 0
  serializedVersion: 2
  m_Modification:
    m_TransformParent: {fileID: 3991847122368852894}
    m_Modifications:
    - target: {fileID: 100000, guid: 1f4e72d64dd418d47b5086b569a8173a, type: 3}
      propertyPath: m_Name
      value: CakeRound02DropsCake
      objectReference: {fileID: 0}
    - target: {fileID: 400000, guid: 1f4e72d64dd418d47b5086b569a8173a, type: 3}
      propertyPath: m_LocalPosition.x
      value: 0
      objectReference: {fileID: 0}
    - target: {fileID: 400000, guid: 1f4e72d64dd418d47b5086b569a8173a, type: 3}
      propertyPath: m_LocalPosition.y
      value: -0.07
      objectReference: {fileID: 0}
    - target: {fileID: 400000, guid: 1f4e72d64dd418d47b5086b569a8173a, type: 3}
      propertyPath: m_LocalPosition.z
      value: 0
      objectReference: {fileID: 0}
    - target: {fileID: 400000, guid: 1f4e72d64dd418d47b5086b569a8173a, type: 3}
      propertyPath: m_LocalRotation.x
      value: 0
      objectReference: {fileID: 0}
    - target: {fileID: 400000, guid: 1f4e72d64dd418d47b5086b569a8173a, type: 3}
      propertyPath: m_LocalRotation.y
      value: 0
      objectReference: {fileID: 0}
    - target: {fileID: 400000, guid: 1f4e72d64dd418d47b5086b569a8173a, type: 3}
      propertyPath: m_LocalRotation.z
      value: 0
      objectReference: {fileID: 0}
    - target: {fileID: 400000, guid: 1f4e72d64dd418d47b5086b569a8173a, type: 3}
      propertyPath: m_LocalRotation.w
      value: 1
      objectReference: {fileID: 0}
    - target: {fileID: 400000, guid: 1f4e72d64dd418d47b5086b569a8173a, type: 3}
      propertyPath: m_RootOrder
      value: 0
      objectReference: {fileID: 0}
    - target: {fileID: 400000, guid: 1f4e72d64dd418d47b5086b569a8173a, type: 3}
      propertyPath: m_LocalEulerAnglesHint.x
      value: 0
      objectReference: {fileID: 0}
    - target: {fileID: 400000, guid: 1f4e72d64dd418d47b5086b569a8173a, type: 3}
      propertyPath: m_LocalEulerAnglesHint.y
      value: 0
      objectReference: {fileID: 0}
    - target: {fileID: 400000, guid: 1f4e72d64dd418d47b5086b569a8173a, type: 3}
      propertyPath: m_LocalEulerAnglesHint.z
      value: 0
      objectReference: {fileID: 0}
    - target: {fileID: 2300000, guid: 1f4e72d64dd418d47b5086b569a8173a, type: 3}
      propertyPath: m_Materials.Array.data[0]
      value: 
      objectReference: {fileID: 2100000, guid: 57ba3806139c9694fa93ea13499a8789, type: 2}
    - target: {fileID: 2300000, guid: 1f4e72d64dd418d47b5086b569a8173a, type: 3}
      propertyPath: m_Materials.Array.data[1]
      value: 
      objectReference: {fileID: 2100000, guid: cb870b0e728e1ff469176272dc82fa96, type: 2}
    - target: {fileID: 2300010, guid: 1f4e72d64dd418d47b5086b569a8173a, type: 3}
      propertyPath: m_Materials.Array.data[0]
      value: 
      objectReference: {fileID: 2100000, guid: 46000b81e57c8f54f957b774831ea73c, type: 2}
    m_RemovedComponents: []
  m_SourcePrefab: {fileID: 100100000, guid: 1f4e72d64dd418d47b5086b569a8173a, type: 3}
--- !u!4 &7109208761473699823 stripped
Transform:
  m_CorrespondingSourceObject: {fileID: 400000, guid: 1f4e72d64dd418d47b5086b569a8173a,
    type: 3}
  m_PrefabInstance: {fileID: 7109208761473570159}
  m_PrefabAsset: {fileID: 0}
--- !u!4 &7109208761473699821 stripped
Transform:
  m_CorrespondingSourceObject: {fileID: 400002, guid: 1f4e72d64dd418d47b5086b569a8173a,
    type: 3}
  m_PrefabInstance: {fileID: 7109208761473570159}
  m_PrefabAsset: {fileID: 0}
--- !u!4 &7109208761473699819 stripped
Transform:
  m_CorrespondingSourceObject: {fileID: 400004, guid: 1f4e72d64dd418d47b5086b569a8173a,
    type: 3}
  m_PrefabInstance: {fileID: 7109208761473570159}
  m_PrefabAsset: {fileID: 0}
--- !u!4 &7109208761473699817 stripped
Transform:
  m_CorrespondingSourceObject: {fileID: 400006, guid: 1f4e72d64dd418d47b5086b569a8173a,
    type: 3}
  m_PrefabInstance: {fileID: 7109208761473570159}
  m_PrefabAsset: {fileID: 0}
--- !u!4 &7109208761473699815 stripped
Transform:
  m_CorrespondingSourceObject: {fileID: 400008, guid: 1f4e72d64dd418d47b5086b569a8173a,
    type: 3}
  m_PrefabInstance: {fileID: 7109208761473570159}
  m_PrefabAsset: {fileID: 0}
--- !u!4 &7109208761473699813 stripped
Transform:
  m_CorrespondingSourceObject: {fileID: 400010, guid: 1f4e72d64dd418d47b5086b569a8173a,
    type: 3}
  m_PrefabInstance: {fileID: 7109208761473570159}
  m_PrefabAsset: {fileID: 0}
--- !u!4 &7109208761473699811 stripped
Transform:
  m_CorrespondingSourceObject: {fileID: 400012, guid: 1f4e72d64dd418d47b5086b569a8173a,
    type: 3}
  m_PrefabInstance: {fileID: 7109208761473570159}
  m_PrefabAsset: {fileID: 0}
--- !u!4 &7109208761473699809 stripped
Transform:
  m_CorrespondingSourceObject: {fileID: 400014, guid: 1f4e72d64dd418d47b5086b569a8173a,
    type: 3}
  m_PrefabInstance: {fileID: 7109208761473570159}
  m_PrefabAsset: {fileID: 0}
