%YAML 1.1
%TAG !u! tag:unity3d.com,2011:
--- !u!1001 &7256165500272247373
PrefabInstance:
  m_ObjectHideFlags: 0
  serializedVersion: 2
  m_Modification:
    m_TransformParent: {fileID: 0}
    m_Modifications:
    - target: {fileID: 78127477827354525, guid: 56effb974e0c3b24899988739792d6b4,
        type: 3}
      propertyPath: m_IsActive
      value: 0
      objectReference: {fileID: 0}
    - target: {fileID: 629993296840806953, guid: 56effb974e0c3b24899988739792d6b4,
        type: 3}
      propertyPath: m_LocalPosition.y
      value: -0.5
      objectReference: {fileID: 0}
    - target: {fileID: 629993296840969729, guid: 56effb974e0c3b24899988739792d6b4,
        type: 3}
      propertyPath: m_Layer
      value: 0
      objectReference: {fileID: 0}
    - target: {fileID: 629993296840969731, guid: 56effb974e0c3b24899988739792d6b4,
        type: 3}
      propertyPath: m_Layer
      value: 0
      objectReference: {fileID: 0}
    - target: {fileID: 629993296840969735, guid: 56effb974e0c3b24899988739792d6b4,
        type: 3}
      propertyPath: m_Layer
      value: 0
      objectReference: {fileID: 0}
    - target: {fileID: 629993296840969741, guid: 56effb974e0c3b24899988739792d6b4,
        type: 3}
      propertyPath: m_Layer
      value: 0
      objectReference: {fileID: 0}
    - target: {fileID: 629993296840969743, guid: 56effb974e0c3b24899988739792d6b4,
        type: 3}
      propertyPath: m_Layer
      value: 0
      objectReference: {fileID: 0}
    - target: {fileID: 675853851854942618, guid: 56effb974e0c3b24899988739792d6b4,
        type: 3}
      propertyPath: phaseRef
      value: 
      objectReference: {fileID: 0}
    - target: {fileID: 713775836673541641, guid: 56effb974e0c3b24899988739792d6b4,
        type: 3}
      propertyPath: m_IsActive
      value: 0
      objectReference: {fileID: 0}
    - target: {fileID: 919236616168046885, guid: 56effb974e0c3b24899988739792d6b4,
        type: 3}
      propertyPath: bodySmall
      value: 
      objectReference: {fileID: 0}
    - target: {fileID: 919236616168046885, guid: 56effb974e0c3b24899988739792d6b4,
        type: 3}
      propertyPath: bodyBig
      value: 
      objectReference: {fileID: 0}
    - target: {fileID: 919236616168046885, guid: 56effb974e0c3b24899988739792d6b4,
        type: 3}
      propertyPath: colliderSmall
      value: 
      objectReference: {fileID: 0}
    - target: {fileID: 919236616168046885, guid: 56effb974e0c3b24899988739792d6b4,
        type: 3}
      propertyPath: colliderBig
      value: 
      objectReference: {fileID: 0}
    - target: {fileID: 919236616168046885, guid: 56effb974e0c3b24899988739792d6b4,
        type: 3}
      propertyPath: dummy
      value: 
      objectReference: {fileID: 0}
    - target: {fileID: 922529449460500514, guid: 56effb974e0c3b24899988739792d6b4,
        type: 3}
      propertyPath: morfSteps.Array.data[0].meshFilter
      value: 
      objectReference: {fileID: 0}
    - target: {fileID: 953988996530342568, guid: 56effb974e0c3b24899988739792d6b4,
        type: 3}
      propertyPath: phaseRef
      value: 
      objectReference: {fileID: 0}
    - target: {fileID: 1061916445426693048, guid: 56effb974e0c3b24899988739792d6b4,
        type: 3}
      propertyPath: m_IsActive
      value: 0
      objectReference: {fileID: 0}
    - target: {fileID: 1143391773429210454, guid: 56effb974e0c3b24899988739792d6b4,
        type: 3}
      propertyPath: phaseRef
      value: 
      objectReference: {fileID: 5016548327613804318}
    - target: {fileID: 1516450029108288975, guid: 56effb974e0c3b24899988739792d6b4,
        type: 3}
      propertyPath: m_IsActive
      value: 0
      objectReference: {fileID: 0}
    - target: {fileID: 2402292747467484651, guid: 56effb974e0c3b24899988739792d6b4,
        type: 3}
      propertyPath: cols.Array.size
      value: 1
      objectReference: {fileID: 0}
    - target: {fileID: 2402292747467484651, guid: 56effb974e0c3b24899988739792d6b4,
        type: 3}
      propertyPath: morfMeshes.Array.data[0]
      value: 
      objectReference: {fileID: 0}
    - target: {fileID: 2402292747467484651, guid: 56effb974e0c3b24899988739792d6b4,
        type: 3}
      propertyPath: morfMeshes.Array.data[1]
      value: 
      objectReference: {fileID: 0}
    - target: {fileID: 2402292747467484651, guid: 56effb974e0c3b24899988739792d6b4,
        type: 3}
      propertyPath: phaseCollider
      value: 
      objectReference: {fileID: 0}
    - target: {fileID: 2402292747467484651, guid: 56effb974e0c3b24899988739792d6b4,
        type: 3}
      propertyPath: targetChoppedMesh
      value: 
      objectReference: {fileID: 0}
    - target: {fileID: 2402292747467484651, guid: 56effb974e0c3b24899988739792d6b4,
        type: 3}
      propertyPath: cols.Array.data[0].r
      value: 1
      objectReference: {fileID: 0}
    - target: {fileID: 2402292747467484651, guid: 56effb974e0c3b24899988739792d6b4,
        type: 3}
      propertyPath: cols.Array.data[0].g
      value: 0.48584908
      objectReference: {fileID: 0}
    - target: {fileID: 2402292747467484651, guid: 56effb974e0c3b24899988739792d6b4,
        type: 3}
      propertyPath: cols.Array.data[0].b
      value: 0.7320183
      objectReference: {fileID: 0}
    - target: {fileID: 2402292747467484651, guid: 56effb974e0c3b24899988739792d6b4,
        type: 3}
      propertyPath: cols.Array.data[1].g
      value: 0.48584908
      objectReference: {fileID: 0}
    - target: {fileID: 2402292747467484651, guid: 56effb974e0c3b24899988739792d6b4,
        type: 3}
      propertyPath: cols.Array.data[1].b
      value: 0.7320183
      objectReference: {fileID: 0}
    - target: {fileID: 2402292747467484651, guid: 56effb974e0c3b24899988739792d6b4,
        type: 3}
      propertyPath: cols.Array.data[1].r
      value: 1
      objectReference: {fileID: 0}
    - target: {fileID: 2402292747467484651, guid: 56effb974e0c3b24899988739792d6b4,
        type: 3}
      propertyPath: cols.Array.data[2].g
      value: 0.6062656
      objectReference: {fileID: 0}
    - target: {fileID: 2402292747467484651, guid: 56effb974e0c3b24899988739792d6b4,
        type: 3}
      propertyPath: cols.Array.data[2].b
      value: 0.9811321
      objectReference: {fileID: 0}
    - target: {fileID: 2402292747467484651, guid: 56effb974e0c3b24899988739792d6b4,
        type: 3}
      propertyPath: cols.Array.data[2].r
      value: 0.8755663
      objectReference: {fileID: 0}
    - target: {fileID: 2402292747467484651, guid: 56effb974e0c3b24899988739792d6b4,
        type: 3}
      propertyPath: meshRef
      value: 
      objectReference: {fileID: 0}
    - target: {fileID: 2432707266828249454, guid: 56effb974e0c3b24899988739792d6b4,
        type: 3}
      propertyPath: morfSteps.Array.data[0].meshFilter
      value: 
      objectReference: {fileID: 0}
    - target: {fileID: 2432707266828249454, guid: 56effb974e0c3b24899988739792d6b4,
        type: 3}
      propertyPath: morfSteps.Array.data[1].meshFilter
      value: 
      objectReference: {fileID: 0}
    - target: {fileID: 2943801146993930800, guid: 56effb974e0c3b24899988739792d6b4,
        type: 3}
      propertyPath: phaseRef
      value: 
      objectReference: {fileID: 0}
    - target: {fileID: 3152450022808234479, guid: 56effb974e0c3b24899988739792d6b4,
        type: 3}
      propertyPath: swingAnimator
      value: 
      objectReference: {fileID: 0}
    - target: {fileID: 3152450022808234479, guid: 56effb974e0c3b24899988739792d6b4,
        type: 3}
      propertyPath: dropAnimator
      value: 
      objectReference: {fileID: 0}
    - target: {fileID: 3152450022808234479, guid: 56effb974e0c3b24899988739792d6b4,
        type: 3}
      propertyPath: dropContent
      value: 
      objectReference: {fileID: 7785944765396078692}
    - target: {fileID: 3152450022808234479, guid: 56effb974e0c3b24899988739792d6b4,
        type: 3}
      propertyPath: axisTransform
      value: 
      objectReference: {fileID: 0}
    - target: {fileID: 3152450022808234479, guid: 56effb974e0c3b24899988739792d6b4,
        type: 3}
      propertyPath: indicator
      value: 
      objectReference: {fileID: 0}
    - target: {fileID: 3428675383714747750, guid: 56effb974e0c3b24899988739792d6b4,
        type: 3}
      propertyPath: bodySmall
      value: 
      objectReference: {fileID: 0}
    - target: {fileID: 3428675383714747750, guid: 56effb974e0c3b24899988739792d6b4,
        type: 3}
      propertyPath: bodyBig
      value: 
      objectReference: {fileID: 0}
    - target: {fileID: 3428675383714747750, guid: 56effb974e0c3b24899988739792d6b4,
        type: 3}
      propertyPath: colliderSmall
      value: 
      objectReference: {fileID: 0}
    - target: {fileID: 3428675383714747750, guid: 56effb974e0c3b24899988739792d6b4,
        type: 3}
      propertyPath: colliderBig
      value: 
      objectReference: {fileID: 0}
    - target: {fileID: 3428675383714747750, guid: 56effb974e0c3b24899988739792d6b4,
        type: 3}
      propertyPath: dummy
      value: 
      objectReference: {fileID: 0}
    - target: {fileID: 3582984818214937726, guid: 56effb974e0c3b24899988739792d6b4,
        type: 3}
      propertyPath: morfMeshes.Array.data[0]
      value: 
      objectReference: {fileID: 0}
    - target: {fileID: 3582984818214937726, guid: 56effb974e0c3b24899988739792d6b4,
        type: 3}
      propertyPath: morfMeshes.Array.data[1]
      value: 
      objectReference: {fileID: 0}
    - target: {fileID: 3582984818214937726, guid: 56effb974e0c3b24899988739792d6b4,
        type: 3}
      propertyPath: phaseCollider
      value: 
      objectReference: {fileID: 0}
    - target: {fileID: 3582984818214937726, guid: 56effb974e0c3b24899988739792d6b4,
        type: 3}
      propertyPath: icingPhaseRef
      value: 
      objectReference: {fileID: 0}
    - target: {fileID: 3582984818214937726, guid: 56effb974e0c3b24899988739792d6b4,
        type: 3}
      propertyPath: meshRef
      value: 
      objectReference: {fileID: 0}
    - target: {fileID: 3674125835457449904, guid: 56effb974e0c3b24899988739792d6b4,
        type: 3}
      propertyPath: phaseRef
      value: 
      objectReference: {fileID: 3085788807589480723}
    - target: {fileID: 3679382349488670988, guid: 56effb974e0c3b24899988739792d6b4,
        type: 3}
      propertyPath: morfMeshes.Array.data[0]
      value: 
      objectReference: {fileID: 0}
    - target: {fileID: 3679382349488670988, guid: 56effb974e0c3b24899988739792d6b4,
        type: 3}
      propertyPath: morfMeshes.Array.data[1]
      value: 
      objectReference: {fileID: 0}
    - target: {fileID: 3679382349488670988, guid: 56effb974e0c3b24899988739792d6b4,
        type: 3}
      propertyPath: phaseCollider
      value: 
      objectReference: {fileID: 0}
    - target: {fileID: 3679382349488670988, guid: 56effb974e0c3b24899988739792d6b4,
        type: 3}
      propertyPath: targetChoppedMesh
      value: 
      objectReference: {fileID: 0}
    - target: {fileID: 3679382349488670988, guid: 56effb974e0c3b24899988739792d6b4,
        type: 3}
      propertyPath: meshRef
      value: 
      objectReference: {fileID: 0}
    - target: {fileID: 3770189440927575147, guid: 56effb974e0c3b24899988739792d6b4,
        type: 3}
      propertyPath: m_IsActive
      value: 0
      objectReference: {fileID: 0}
    - target: {fileID: 3925612765823639814, guid: 56effb974e0c3b24899988739792d6b4,
        type: 3}
      propertyPath: morfMeshes.Array.data[0]
      value: 
      objectReference: {fileID: 0}
    - target: {fileID: 3925612765823639814, guid: 56effb974e0c3b24899988739792d6b4,
        type: 3}
      propertyPath: morfMeshes.Array.data[1]
      value: 
      objectReference: {fileID: 0}
    - target: {fileID: 3925612765823639814, guid: 56effb974e0c3b24899988739792d6b4,
        type: 3}
      propertyPath: phaseCollider
      value: 
      objectReference: {fileID: 0}
    - target: {fileID: 3925612765823639814, guid: 56effb974e0c3b24899988739792d6b4,
        type: 3}
      propertyPath: icingPhaseRef
      value: 
      objectReference: {fileID: 0}
    - target: {fileID: 3925612765823639814, guid: 56effb974e0c3b24899988739792d6b4,
        type: 3}
      propertyPath: meshRef
      value: 
      objectReference: {fileID: 0}
    - target: {fileID: 3949020496661798220, guid: 56effb974e0c3b24899988739792d6b4,
        type: 3}
      propertyPath: m_LocalPosition.x
      value: 0
      objectReference: {fileID: 0}
    - target: {fileID: 3949020496661798220, guid: 56effb974e0c3b24899988739792d6b4,
        type: 3}
      propertyPath: m_LocalPosition.y
      value: 0
      objectReference: {fileID: 0}
    - target: {fileID: 3949020496661798220, guid: 56effb974e0c3b24899988739792d6b4,
        type: 3}
      propertyPath: m_LocalPosition.z
      value: 0
      objectReference: {fileID: 0}
    - target: {fileID: 3949020496661798220, guid: 56effb974e0c3b24899988739792d6b4,
        type: 3}
      propertyPath: m_LocalRotation.x
      value: 0
      objectReference: {fileID: 0}
    - target: {fileID: 3949020496661798220, guid: 56effb974e0c3b24899988739792d6b4,
        type: 3}
      propertyPath: m_LocalRotation.y
      value: 0
      objectReference: {fileID: 0}
    - target: {fileID: 3949020496661798220, guid: 56effb974e0c3b24899988739792d6b4,
        type: 3}
      propertyPath: m_LocalRotation.z
      value: 0
      objectReference: {fileID: 0}
    - target: {fileID: 3949020496661798220, guid: 56effb974e0c3b24899988739792d6b4,
        type: 3}
      propertyPath: m_LocalRotation.w
      value: 1
      objectReference: {fileID: 0}
    - target: {fileID: 3949020496661798220, guid: 56effb974e0c3b24899988739792d6b4,
        type: 3}
      propertyPath: m_RootOrder
      value: 0
      objectReference: {fileID: 0}
    - target: {fileID: 3949020496661798220, guid: 56effb974e0c3b24899988739792d6b4,
        type: 3}
      propertyPath: m_LocalEulerAnglesHint.x
      value: 0
      objectReference: {fileID: 0}
    - target: {fileID: 3949020496661798220, guid: 56effb974e0c3b24899988739792d6b4,
        type: 3}
      propertyPath: m_LocalEulerAnglesHint.y
      value: 0
      objectReference: {fileID: 0}
    - target: {fileID: 3949020496661798220, guid: 56effb974e0c3b24899988739792d6b4,
        type: 3}
      propertyPath: m_LocalEulerAnglesHint.z
      value: 0
      objectReference: {fileID: 0}
    - target: {fileID: 4226080753126190188, guid: 56effb974e0c3b24899988739792d6b4,
        type: 3}
      propertyPath: phaseRef
      value: 
      objectReference: {fileID: 6616758792989548696}
    - target: {fileID: 4275879670291930494, guid: 56effb974e0c3b24899988739792d6b4,
        type: 3}
      propertyPath: dc
      value: 
      objectReference: {fileID: 0}
    - target: {fileID: 4275879670291930494, guid: 56effb974e0c3b24899988739792d6b4,
        type: 3}
      propertyPath: phaseCamTrans
      value: 
      objectReference: {fileID: 7078333214078968880}
    - target: {fileID: 4275879670291930494, guid: 56effb974e0c3b24899988739792d6b4,
        type: 3}
      propertyPath: meshRef
      value: 
      objectReference: {fileID: 0}
    - target: {fileID: 4563477049068627726, guid: 56effb974e0c3b24899988739792d6b4,
        type: 3}
      propertyPath: morfSteps.Array.data[0].meshFilter
      value: 
      objectReference: {fileID: 7785944765392654402}
    - target: {fileID: 4566763286073811669, guid: 56effb974e0c3b24899988739792d6b4,
        type: 3}
      propertyPath: cols.Array.size
      value: 2
      objectReference: {fileID: 0}
    - target: {fileID: 4566763286073811669, guid: 56effb974e0c3b24899988739792d6b4,
        type: 3}
      propertyPath: morfMeshes.Array.data[0]
      value: 
      objectReference: {fileID: 6622453234924397891}
    - target: {fileID: 4566763286073811669, guid: 56effb974e0c3b24899988739792d6b4,
        type: 3}
      propertyPath: morfMeshes.Array.data[1]
      value: 
      objectReference: {fileID: 243115399778328208}
    - target: {fileID: 4566763286073811669, guid: 56effb974e0c3b24899988739792d6b4,
        type: 3}
      propertyPath: phaseCollider
      value: 
      objectReference: {fileID: 9049660771052202226}
    - target: {fileID: 4566763286073811669, guid: 56effb974e0c3b24899988739792d6b4,
        type: 3}
      propertyPath: targetChoppedMesh
      value: 
      objectReference: {fileID: 6622453234924397891}
    - target: {fileID: 4566763286073811669, guid: 56effb974e0c3b24899988739792d6b4,
        type: 3}
      propertyPath: cols.Array.data[0].r
      value: 0.25882354
      objectReference: {fileID: 0}
    - target: {fileID: 4566763286073811669, guid: 56effb974e0c3b24899988739792d6b4,
        type: 3}
      propertyPath: cols.Array.data[0].g
      value: 0.20784315
      objectReference: {fileID: 0}
    - target: {fileID: 4566763286073811669, guid: 56effb974e0c3b24899988739792d6b4,
        type: 3}
      propertyPath: cols.Array.data[0].b
      value: 0.24313727
      objectReference: {fileID: 0}
    - target: {fileID: 4566763286073811669, guid: 56effb974e0c3b24899988739792d6b4,
        type: 3}
      propertyPath: cols.Array.data[1].g
      value: 0.8941177
      objectReference: {fileID: 0}
    - target: {fileID: 4566763286073811669, guid: 56effb974e0c3b24899988739792d6b4,
        type: 3}
      propertyPath: cols.Array.data[1].b
      value: 0.427451
      objectReference: {fileID: 0}
    - target: {fileID: 4566763286073811669, guid: 56effb974e0c3b24899988739792d6b4,
        type: 3}
      propertyPath: cols.Array.data[2].g
      value: 1
      objectReference: {fileID: 0}
    - target: {fileID: 4566763286073811669, guid: 56effb974e0c3b24899988739792d6b4,
        type: 3}
      propertyPath: cols.Array.data[2].b
      value: 0.74800223
      objectReference: {fileID: 0}
    - target: {fileID: 4566763286073811669, guid: 56effb974e0c3b24899988739792d6b4,
        type: 3}
      propertyPath: cols.Array.data[1].r
      value: 0.62352943
      objectReference: {fileID: 0}
    - target: {fileID: 4566763286073811669, guid: 56effb974e0c3b24899988739792d6b4,
        type: 3}
      propertyPath: cols.Array.data[2].r
      value: 0.7311321
      objectReference: {fileID: 0}
    - target: {fileID: 4566763286073811669, guid: 56effb974e0c3b24899988739792d6b4,
        type: 3}
      propertyPath: m_Enabled
      value: 1
      objectReference: {fileID: 0}
    - target: {fileID: 4566763286073811669, guid: 56effb974e0c3b24899988739792d6b4,
        type: 3}
      propertyPath: meshRef
      value: 
      objectReference: {fileID: 4328430998128486978}
    - target: {fileID: 4566763286073811669, guid: 56effb974e0c3b24899988739792d6b4,
        type: 3}
      propertyPath: texRef
      value: 
      objectReference: {fileID: 2800000, guid: 71d64ee1d80d2374ab4b1fade2afcd90, type: 3}
    - target: {fileID: 5588584909667647374, guid: 56effb974e0c3b24899988739792d6b4,
        type: 3}
      propertyPath: m_Name
      value: rms05c
      objectReference: {fileID: 0}
    - target: {fileID: 5648068643369732958, guid: 56effb974e0c3b24899988739792d6b4,
        type: 3}
      propertyPath: morfMeshes.Array.data[0]
      value: 
      objectReference: {fileID: 6622453234924397891}
    - target: {fileID: 5648068643369732958, guid: 56effb974e0c3b24899988739792d6b4,
        type: 3}
      propertyPath: morfMeshes.Array.data[1]
      value: 
      objectReference: {fileID: 243115399778328208}
    - target: {fileID: 5648068643369732958, guid: 56effb974e0c3b24899988739792d6b4,
        type: 3}
      propertyPath: phaseCollider
      value: 
      objectReference: {fileID: 1866400192419381399}
    - target: {fileID: 5648068643369732958, guid: 56effb974e0c3b24899988739792d6b4,
        type: 3}
      propertyPath: icingPhaseRef
      value: 
      objectReference: {fileID: 6616758792989548696}
    - target: {fileID: 5648068643369732958, guid: 56effb974e0c3b24899988739792d6b4,
        type: 3}
      propertyPath: meshRef
      value: 
      objectReference: {fileID: 4328430998128486978}
    - target: {fileID: 5648068643369732958, guid: 56effb974e0c3b24899988739792d6b4,
        type: 3}
      propertyPath: phaseCamDefaultPos
      value: 1
      objectReference: {fileID: 0}
    - target: {fileID: 5795875830115180475, guid: 56effb974e0c3b24899988739792d6b4,
        type: 3}
      propertyPath: m_IsActive
      value: 0
      objectReference: {fileID: 0}
    - target: {fileID: 5809469925757080065, guid: 56effb974e0c3b24899988739792d6b4,
        type: 3}
      propertyPath: m_Materials.Array.data[0]
      value: 
      objectReference: {fileID: 2100000, guid: e01bd6684d9786d419323c7123f626c2, type: 2}
    - target: {fileID: 6015295664342839975, guid: 56effb974e0c3b24899988739792d6b4,
        type: 3}
      propertyPath: m_IsActive
      value: 0
      objectReference: {fileID: 0}
    - target: {fileID: 6386870754378573839, guid: 56effb974e0c3b24899988739792d6b4,
        type: 3}
      propertyPath: bodySmall
      value: 
      objectReference: {fileID: 7785944765392654400}
    - target: {fileID: 6386870754378573839, guid: 56effb974e0c3b24899988739792d6b4,
        type: 3}
      propertyPath: bodyBig
      value: 
      objectReference: {fileID: 7785944765392654402}
    - target: {fileID: 6386870754378573839, guid: 56effb974e0c3b24899988739792d6b4,
        type: 3}
      propertyPath: colliderSmall
      value: 
      objectReference: {fileID: 7785944765392654404}
    - target: {fileID: 6386870754378573839, guid: 56effb974e0c3b24899988739792d6b4,
        type: 3}
      propertyPath: colliderBig
      value: 
      objectReference: {fileID: 7785944765392654406}
    - target: {fileID: 6386870754378573839, guid: 56effb974e0c3b24899988739792d6b4,
        type: 3}
      propertyPath: dummy
      value: 
      objectReference: {fileID: 377751761942038597}
    - target: {fileID: 6621700596792681797, guid: 56effb974e0c3b24899988739792d6b4,
        type: 3}
      propertyPath: m_IsActive
      value: 0
      objectReference: {fileID: 0}
    - target: {fileID: 6684259737612985251, guid: 56effb974e0c3b24899988739792d6b4,
        type: 3}
      propertyPath: dc
      value: 
      objectReference: {fileID: 0}
    - target: {fileID: 6684259737612985251, guid: 56effb974e0c3b24899988739792d6b4,
        type: 3}
      propertyPath: phaseCamTrans
      value: 
      objectReference: {fileID: 7577411982296059768}
    - target: {fileID: 6684259737612985251, guid: 56effb974e0c3b24899988739792d6b4,
        type: 3}
      propertyPath: meshRef
      value: 
      objectReference: {fileID: 4328430998128486978}
    - target: {fileID: 6877992952678458543, guid: 56effb974e0c3b24899988739792d6b4,
        type: 3}
      propertyPath: m_IsActive
      value: 0
      objectReference: {fileID: 0}
    - target: {fileID: 7029308859667270152, guid: 56effb974e0c3b24899988739792d6b4,
        type: 3}
      propertyPath: m_Layer
      value: 0
      objectReference: {fileID: 0}
    - target: {fileID: 7145429484792902860, guid: 56effb974e0c3b24899988739792d6b4,
        type: 3}
      propertyPath: m_IsActive
      value: 0
      objectReference: {fileID: 0}
    - target: {fileID: 7730632369409678418, guid: 56effb974e0c3b24899988739792d6b4,
        type: 3}
      propertyPath: morfSteps.Array.data[0].meshFilter
      value: 
      objectReference: {fileID: 0}
    - target: {fileID: 7801223329308013980, guid: 56effb974e0c3b24899988739792d6b4,
        type: 3}
      propertyPath: phaseRef
      value: 
      objectReference: {fileID: 0}
    - target: {fileID: 8189259288034575998, guid: 56effb974e0c3b24899988739792d6b4,
        type: 3}
      propertyPath: morfSteps.Array.data[0].meshFilter
      value: 
      objectReference: {fileID: 0}
    - target: {fileID: 8189259288034575998, guid: 56effb974e0c3b24899988739792d6b4,
        type: 3}
      propertyPath: morfSteps.Array.data[1].meshFilter
      value: 
      objectReference: {fileID: 0}
    - target: {fileID: 8219438606500462487, guid: 56effb974e0c3b24899988739792d6b4,
        type: 3}
      propertyPath: swingAnimator
      value: 
      objectReference: {fileID: 0}
    - target: {fileID: 8219438606500462487, guid: 56effb974e0c3b24899988739792d6b4,
        type: 3}
      propertyPath: dropAnimator
      value: 
      objectReference: {fileID: 0}
    - target: {fileID: 8219438606500462487, guid: 56effb974e0c3b24899988739792d6b4,
        type: 3}
      propertyPath: dropContent
      value: 
      objectReference: {fileID: 0}
    - target: {fileID: 8219438606500462487, guid: 56effb974e0c3b24899988739792d6b4,
        type: 3}
      propertyPath: axisTransform
      value: 
      objectReference: {fileID: 7785944765396078692}
    - target: {fileID: 8219438606500462487, guid: 56effb974e0c3b24899988739792d6b4,
        type: 3}
      propertyPath: indicator
      value: 
      objectReference: {fileID: 0}
    m_RemovedComponents: []
  m_SourcePrefab: {fileID: 100100000, guid: 56effb974e0c3b24899988739792d6b4, type: 3}
--- !u!114 &6616758792989548696 stripped
MonoBehaviour:
  m_CorrespondingSourceObject: {fileID: 4566763286073811669, guid: 56effb974e0c3b24899988739792d6b4,
    type: 3}
  m_PrefabInstance: {fileID: 7256165500272247373}
  m_PrefabAsset: {fileID: 0}
  m_GameObject: {fileID: 0}
  m_Enabled: 1
  m_EditorHideFlags: 0
  m_Script: {fileID: 11500000, guid: f11eaef46b5a67f47bbeeb7a4a279418, type: 3}
  m_Name: 
  m_EditorClassIdentifier: 
--- !u!114 &3085788807589480723 stripped
MonoBehaviour:
  m_CorrespondingSourceObject: {fileID: 5648068643369732958, guid: 56effb974e0c3b24899988739792d6b4,
    type: 3}
  m_PrefabInstance: {fileID: 7256165500272247373}
  m_PrefabAsset: {fileID: 0}
  m_GameObject: {fileID: 0}
  m_Enabled: 1
  m_EditorHideFlags: 0
  m_Script: {fileID: 11500000, guid: eb91f602a03574847be10fac2aa8f821, type: 3}
  m_Name: 
  m_EditorClassIdentifier: 
--- !u!114 &5016548327613804318 stripped
MonoBehaviour:
  m_CorrespondingSourceObject: {fileID: 2390646364996119891, guid: 56effb974e0c3b24899988739792d6b4,
    type: 3}
  m_PrefabInstance: {fileID: 7256165500272247373}
  m_PrefabAsset: {fileID: 0}
  m_GameObject: {fileID: 0}
  m_Enabled: 1
  m_EditorHideFlags: 0
  m_Script: {fileID: 11500000, guid: 306ad80c4a059c94093ae1294e9691b5, type: 3}
  m_Name: 
  m_EditorClassIdentifier: 
--- !u!4 &7577411982296059768 stripped
Transform:
  m_CorrespondingSourceObject: {fileID: 980505020152122677, guid: 56effb974e0c3b24899988739792d6b4,
    type: 3}
  m_PrefabInstance: {fileID: 7256165500272247373}
  m_PrefabAsset: {fileID: 0}
--- !u!4 &7078333214078968880 stripped
Transform:
  m_CorrespondingSourceObject: {fileID: 470730193089767037, guid: 56effb974e0c3b24899988739792d6b4,
    type: 3}
  m_PrefabInstance: {fileID: 7256165500272247373}
  m_PrefabAsset: {fileID: 0}
--- !u!4 &7785944765396078692 stripped
Transform:
  m_CorrespondingSourceObject: {fileID: 629993296840806953, guid: 56effb974e0c3b24899988739792d6b4,
    type: 3}
  m_PrefabInstance: {fileID: 7256165500272247373}
  m_PrefabAsset: {fileID: 0}
--- !u!114 &4328430998128486978 stripped
MonoBehaviour:
  m_CorrespondingSourceObject: {fileID: 6386870754378573839, guid: 56effb974e0c3b24899988739792d6b4,
    type: 3}
  m_PrefabInstance: {fileID: 7256165500272247373}
  m_PrefabAsset: {fileID: 0}
  m_GameObject: {fileID: 0}
  m_Enabled: 1
  m_EditorHideFlags: 0
  m_Script: {fileID: 11500000, guid: ea42f196dd78dbf439e30ee921833e84, type: 3}
  m_Name: 
  m_EditorClassIdentifier: 
--- !u!33 &7785944765392654400 stripped
MeshFilter:
  m_CorrespondingSourceObject: {fileID: 629993296842101261, guid: 56effb974e0c3b24899988739792d6b4,
    type: 3}
  m_PrefabInstance: {fileID: 7256165500272247373}
  m_PrefabAsset: {fileID: 0}
--- !u!114 &6622453234924397891 stripped
MonoBehaviour:
  m_CorrespondingSourceObject: {fileID: 4563477049068627726, guid: 56effb974e0c3b24899988739792d6b4,
    type: 3}
  m_PrefabInstance: {fileID: 7256165500272247373}
  m_PrefabAsset: {fileID: 0}
  m_GameObject: {fileID: 0}
  m_Enabled: 1
  m_EditorHideFlags: 0
  m_Script: {fileID: 11500000, guid: 8ceecf80742826843afc24ce61e7680c, type: 3}
  m_Name: 
  m_EditorClassIdentifier: 
--- !u!33 &7785944765392654402 stripped
MeshFilter:
  m_CorrespondingSourceObject: {fileID: 629993296842101263, guid: 56effb974e0c3b24899988739792d6b4,
    type: 3}
  m_PrefabInstance: {fileID: 7256165500272247373}
  m_PrefabAsset: {fileID: 0}
--- !u!33 &7785944765392654404 stripped
MeshFilter:
  m_CorrespondingSourceObject: {fileID: 629993296842101257, guid: 56effb974e0c3b24899988739792d6b4,
    type: 3}
  m_PrefabInstance: {fileID: 7256165500272247373}
  m_PrefabAsset: {fileID: 0}
--- !u!64 &9049660771052202226 stripped
MeshCollider:
  m_CorrespondingSourceObject: {fileID: 1812081567912602303, guid: 56effb974e0c3b24899988739792d6b4,
    type: 3}
  m_PrefabInstance: {fileID: 7256165500272247373}
  m_PrefabAsset: {fileID: 0}
--- !u!33 &7785944765392654406 stripped
MeshFilter:
  m_CorrespondingSourceObject: {fileID: 629993296842101259, guid: 56effb974e0c3b24899988739792d6b4,
    type: 3}
  m_PrefabInstance: {fileID: 7256165500272247373}
  m_PrefabAsset: {fileID: 0}
--- !u!64 &1866400192419381399 stripped
MeshCollider:
  m_CorrespondingSourceObject: {fileID: 9031367645580804826, guid: 56effb974e0c3b24899988739792d6b4,
    type: 3}
  m_PrefabInstance: {fileID: 7256165500272247373}
  m_PrefabAsset: {fileID: 0}
--- !u!114 &243115399778328208 stripped
MonoBehaviour:
  m_CorrespondingSourceObject: {fileID: 7488549640688295133, guid: 56effb974e0c3b24899988739792d6b4,
    type: 3}
  m_PrefabInstance: {fileID: 7256165500272247373}
  m_PrefabAsset: {fileID: 0}
  m_GameObject: {fileID: 0}
  m_Enabled: 1
  m_EditorHideFlags: 0
  m_Script: {fileID: 11500000, guid: 8ceecf80742826843afc24ce61e7680c, type: 3}
  m_Name: 
  m_EditorClassIdentifier: 
--- !u!1 &377751761942038597 stripped
GameObject:
  m_CorrespondingSourceObject: {fileID: 7029308859667270152, guid: 56effb974e0c3b24899988739792d6b4,
    type: 3}
  m_PrefabInstance: {fileID: 7256165500272247373}
  m_PrefabAsset: {fileID: 0}
